3054 5048
98 343 225 430 endan,
249 369 338 436 quae
362 348 454 416 inter
469 349 578 416 datam
592 359 628 418 et
649 350 875 438 lugarithmum
896 347 1012 418 minori
1033 357 1223 442 argomento
1245 371 1298 422 re-

100 461 301 547 spondentem
326 463 521 529 intercedit.
567 464 637 528 t'lac
666 463 827 530 dudone
858 461 1064 530 inveniuntur
1091 462 1303 550 angularet.
1425 477 1443 491 '

99 583 163 640 nuta
182 577 330 642 secunda
355 599 533 664 eorumque
561 585 672 663 partes
701 577 885 642 decimales.
931 575 984 640 Ad
1012 595 1119 642 arcum
1147 600 1225 644 vero
1249 576 1296 644 sic

53 733 55 736 -
98 683 249 752 inrenbrm
273 689 381 754 addas
405 689 465 758 00ο
486 697 521 753 et
542 687 680 754 habebis
706 680 944 768 13208125'6.

172 799 288 886 Expl.
326 801 379 868 15.
439 799 620 868 Quaeram
657 800 698 865 ad
734 800 790 884 log
806 809 886 886 tang
904 797 1067 881 9000802
1093 802 1296 886 respondeus

97 931 193 989 nens,
223 914 320 998 cujus
350 921 504 1000 praetera
531 911 635 978 ainuni
667 921 702 976 et
738 911 884 977 cosinum
914 913 1083 998 negativos
1113 935 1188 978 esse
1217 934 1297 1008 cou-

99 1029 163 1086 atet.
207 1021 320 1089 Quum
342 1047 439 1090 mous
462 1025 627 1110 quaesitus
649 1025 692 1089 ait
719 1023 835 1088 tertiae
859 1024 1044 1116 quddrantis
1073 1035 1108 1090 et
1135 1048 1231 1112 quum
1254 1025 1297 1090 sit

97 1141 164 1220 tang
174 1133 251 1216 (¹80
264 1134 307 1222 -l-
322 1138 357 1219 φ)
373 1165 417 1196 =
428 1145 508 1222 tang
520 1144 554 1219 φ,
578 1134 733 1202 adhibeas
757 1137 938 1200 columnam
960 1137 1161 1223 tangentium
1184 1146 1219 1202 et
1241 1137 1297 1204 ad·
1317 1217 1328 1238 ⁹

99 1244 308 1315 daslssb‘ad
333 1271 445 1314 arcum
469 1247 689 1330 pinventum.
735 1247 785 1313 lta
806 1246 943 1315 habebis
967 1243 1206 1332 218‘3l'd,‘'d.
1280 1279 1283 1286 ·

593 1568 793 1582 ιιι-*-

101 1908 153 1998 on
180 1903 486 2002 sunnonis
516 1903 590 1996 lo
613 1901 848 1995 uncum
870 1849 1294 2000 inconsonum

536 2047 876 2159 nonencors„

184 2287 334 2354 Quarum
359 2292 495 2350 exactae
519 2282 585 2349 siut
607 2284 835 2370 aequationea,
867 2283 982 2371 quibus
1006 2287 1112 2370 anguli
1136 2296 1171 2351 et
1192 2287 1294 2354 latera

106 2399 319 2485 biangnloraun
348 2397 434 2463 inter
462 2419 497 2460 se
528 2405 768 2482 comparantur,
801 2406 944 2462 attamen
959 2419 1039 2460 vnon
1073 2405 1188 2464 omnes
1217 2411 1292 2486 apte

108 2511 294 2590 adhibentur,
317 2519 355 2577 ut
377 2531 486 2610 earum
508 2531 572 2596 ope
595 2509 746 2594 trianguli
767 2518 881 2594 partes
901 2507 1085 2594 incognitae
1103 2533 1122 2576 c
1138 2510 1222 2576 datis
1244 2511 1294 2581 in·

108 2624 268 2704 veniuntur,
292 2645 389 2710 quum
412 2620 530 2686 finibus
551 2619 674 2706 exiguis
698 2619 903 2686 contineatur
923 2631 1071 2686 notarum
1092 2622 1295 2704 decimclinm

109 2735 190 2820 copia
209 2733 359 2812 adbibita,
383 2734 491 2818 itaque
515 2755 645 2818 semper
670 2755 777 2798 erroro
801 2733 939 2818 quodam
963 2734 1102 2800 calculus
1126 2735 1293 2804 afficiebar.

109 2844 156 2912 dic
176 2871 202 2913 a.
218 2871 246 2933 g.
262 2847 317 2932 log
333 2847 394 2925 sin,
419 2844 472 2934 qui
486 2845 603 2930 angulo
619 2845 799 2930 respondet
813 2845 960 2930 proxime
977 2845 1036 2913 90·
1055 2847 1130 2927 sito,
1154 2849 1293 2918 adhunc

109 2960 239 3046 ungulum
261 2959 391 3025 tabulae
414 2980 478 3044 ope
502 2955 733 3025 inveniendum
752 2957 898 3025 adhiberi
922 2981 986 3024 non
1010 2968 1132 3046 potest,
1156 2961 1216 3027 sed
1237 2953 1313 3049 log'

111 3090 159 3136 ecs
171 3073 219 3138 vel
233 3075 287 3162 log
310 3083 388 3156 teng
404 3069 544 3136 eundem
560 3069 832 3134 accuratissimum
850 3070 1016 3136 exhibent.
1041 3071 1146 3140 Quam
1162 3074 1205 3139 ob
1218 3097 1293 3141 cau·

110 3204 166 3247 rom
180 3195 211 3250 et
225 3183 461 3252 commoditatis
478 3190 513 3246 et
528 3179 714 3246 subtilitatis
737 3181 771 3246 in
788 3181 932 3246 lormnlis
954 3185 1188 3270 componendis
1210 3189 1292 3255 ratio

108 3291 238 3362 babendo
271 3307 341 3376 est,
368 3305 406 3360 ut
441 3293 641 3380 computatio
677 3292 941 3378 lugaritlnnorum
973 3319 1037 3382 cpe
1068 3297 1221 3366 instituta
1258 3311 1294 3367 et
1400 3339 1403 3346 ·

110 3405 196 3473 facilia
217 3419 250 3476 et
271 3431 367 3496 quam
390 3406 596 3474 exactissima
619 3405 672 3472 sit.
718 3405 810 3473 Quae
833 3415 1001 3494 utrumque
1024 3418 1192 3494 praestant
1213 3435 1293 3500 pau·

60 3506 63 3516 ¹
110 3539 157 3584 cae
170 3530 286 3587 tanurm
301 3512 508 3587 inveniuntur
524 3519 679 3584 formulae
695 3517 780 3584 inter
795 3519 983 3605 permultas,
996 3545 1076 3608 quae
1094 3523 1134 3586 ad
1150 3525 1293 3610 triangu-

108 3627 194 3698 brum
214 3633 489 3721 computationem
511 3631 695 3717 pertinent,
718 3654 825 3717 neque
856 3653 978 3719 operae
1002 3635 1142 3719 pretium
1169 3637 1292 3704 fecisse

49 3797 59 3824 ,
109 3761 161 3808 oon
180 3746 354 3826 videamur,
385 3745 412 3810 si
440 3745 600 3810 hocloco
624 3743 665 3808 de
691 3767 801 3810 earum
823 3767 974 3812 connexu
995 3747 1149 3811 nonnulla
1170 3769 1292 3834 propc-

36 3901 43 3910 .
108 3867 216 3937 nentur,
246 3859 366 3926 omissa
387 3858 527 3945 ipsarum
550 3855 751 3920 lametionum
774 3855 1109 3942 trigonometricarnm
1137 3862 1292 3929 transfor-

107 3968 239 4051 medune,
263 3971 385 4057 quippe
408 3991 491 4054 quae
515 3989 557 4034 ex
580 3967 702 4053 analysi
724 3967 873 4034 omnibus
897 3966 1028 4050 cognita
1051 3981 1201 4040 summor.

408 4244 457 4319 llll
481 4241 702 4323 lmlltmls
726 4239 964 4322 nonnullus

178 4383 346 4474 Dorignoti
383 4387 448 4452 sint
482 4385 631 4472 trianguli
662 4383 836 4472 cujuslibet
870 4389 962 4454 ABG
985 4389 1093 4476 anguli
1121 4393 1208 4463 notis
1237 4397 1288 4476 A,

107 4493 138 4573 B,
168 4500 206 4578 (ἔς
234 4500 336 4566 latera
363 4500 403 4566 iis
441 4499 594 4586 opposita
622 4499 687 4564 sint
715 4519 753 4578 a,
775 4501 811 4578 d,
839 4521 876 4580 σς
905 4523 981 4568 area
1009 4503 1157 4591 trianguli
1186 4507 1229 4572 sit
1256 4510 1291 4575 J.
