3054 5048
470 1611 654 1706 LECTORI
685 1611 926 1706 BENEVOLO.

80 1819 189 1954 Quum
209 1864 287 1949 jam
312 1863 407 1928 multi
423 1863 679 1930 desideraverint
693 1885 810 1930 novam
825 1864 1087 1950 logarithmorum
1111 1874 1146 1930 et
1161 1863 1301 1930 functio·

80 1995 153 2038 num
174 1975 527 2061 trigonometricarum
550 1975 692 2041 tabulam
715 1975 958 2042 accomodatam
987 1977 1028 2040 ad
1052 1975 1299 2062 unumquodque

80 2086 305 2154 ratiocinandi
328 2110 442 2174 genua,
466 2087 603 2175 primum
625 2083 722 2154 nobis
738 2088 939 2175 propositum
962 2098 1032 2154 erat
1054 2087 1086 2153 in
1111 2111 1150 2154 ea
1167 2109 1300 2174 compo·

81 2175 198 2278 nendi,
222 2210 266 2265 ut
289 2201 399 2265 omnia
413 2199 604 2265 tabularum
628 2208 704 2264 ante
727 2222 788 2266 noa
819 2199 976 2267 editarum
998 2201 1091 2280 vitia,
1122 2221 1203 2288 quae
1234 2200 1298 2265 cal·

82 2311 187 2378 culum
211 2311 413 2399 impediunt,
437 2312 470 2376 in
494 2311 554 2377 hac
577 2333 662 2377 nova
683 2311 794 2379 tabula
817 2313 1031 2392 evitarentur,
1055 2292 1175 2377 deinde
1198 2321 1235 2378 ut
1257 2333 1298 2378 eu

84 2423 196 2490 ordine
210 2423 325 2511 iisque
342 2423 568 2491 additamentis
584 2433 760 2507 ornaretur,
777 2449 990 2515 quaecunque
1005 2424 1046 2490 ad
1061 2423 1191 2490 facilem
1205 2447 1298 2490 usum

12 2529 13 2534 ¹
84 2535 224 2602 maxime
252 2537 402 2602 conferre
424 2547 572 2624 possunt.
618 2529 621 2536 ⁴
919 2591 928 2607 .

172 2648 206 2715 la
231 2647 376 2736 quidem,
400 2649 451 2714 cui
473 2671 545 2716 raro
567 2659 693 2716 tantum
716 2651 856 2717 calculm
871 2649 1111 2737 legarithmicua
1126 2645 1298 2714 instituen-

88 2758 145 2825 das
170 2773 238 2842 eet,
262 2761 317 2828 vix
340 2761 374 2828 in
398 2783 437 2828 ea
460 2785 522 2850 qua
543 2785 619 2829 uaua
643 2773 696 2830 eat
715 2763 824 2829 tabula
839 2761 974 2850 aliquam
998 2760 1296 2828 incommoditatem

38 2950 42 2956 Ι
90 2871 365 2954 animadverterit,
396 2897 491 2962 quum
514 2875 671 2963 temporis
694 2875 833 2962 impensi
862 2876 943 2942 ratio
973 2897 1039 2941 non
1070 2871 1220 2940 habenda
1243 2871 1295 2938 sit.

90 2981 188 3070 Cujus
217 3007 299 3052 vero
327 2997 380 3053 eat
411 3009 470 3074 pro
500 3010 633 3055 munere
664 2987 727 3054 sibi
756 2987 864 3053 delato
896 2987 1022 3074 saepius
1050 2984 1177 3051 tabulas
1206 2985 1297 3071 loga-

91 3095 257 3165 rithmicaa
282 3107 317 3164 et
339 3099 472 3165 volvere
492 3101 673 3179 revolvere,
697 3099 731 3166 in
754 3099 794 3165 iis
816 3099 916 3164 multa
937 3099 1099 3178 inveniet,
1129 3119 1211 3185 quae
1235 3095 1297 3162 alia

92 3229 166 3276 eoae
189 3211 283 3290 velit,
307 3211 531 3298 cupidissimus
555 3212 617 3278 erit
640 3211 818 3290 commodi,
849 3213 935 3299 quod
964 3209 1073 3277 tabula
1094 3209 1192 3276 modo
1214 3209 1296 3275 haec
1421 3229 1425 3238 ·
1515 3201 1516 3216 ¹

96 3324 193 3390 modo
207 3324 262 3390 illa
281 3324 430 3413 praebet,
453 3325 702 3414 unumquodque
724 3324 880 3412 temporie
904 3321 1132 3410 compendium
1155 3321 1296 3410 arripiet,

95 3437 178 3522 quod
199 3437 514 3524 quantulumcunque
537 3447 589 3504 est
611 3437 739 3526 saepius
766 3437 940 3524 repetitum
963 3458 1086 3502 summa
1107 3433 1296 3523 spectabilia

96 3549 248 3638 temporie
269 3549 435 3616 lucrificati
458 3549 577 3617 evadit.
1135 3549 1143 3562 ’

180 3661 286 3727 Multa
309 3661 439 3748 quidem
463 3683 584 3742 eorum,
607 3685 689 3750 quae
713 3663 753 3728 ad
776 3663 952 3729 faciliorem
964 3661 1092 3728 tabulae
1108 3681 1200 3726 usum
1223 3673 1298 3744 per·

98 3773 211 3854 tinent,
235 3774 269 3840 in
291 3795 355 3840 una
376 3772 486 3839 tabula
507 3773 720 3862 reperiuntur,
744 3777 863 3842 desunt
885 3777 917 3842 in
941 3776 1052 3853 altera,
1076 3771 1146 3836 aliia
1167 3769 1298 3858 quibua·

99 3887 167 3952 dam
191 3885 371 3952 commodis
393 3885 550 3973 praedita,
575 3887 690 3975 quibua
712 3889 766 3954 illa
788 3899 884 3976 eget3
907 3908 981 3953 nam
1005 3907 1104 3972 saepe
1127 3883 1298 3951 commoda

98 4023 132 4066 ae
154 3999 294 4068 invicem
311 3999 496 4079 excludunt,
520 4011 556 4067 ut
571 4001 661 4088 quasi
676 4001 770 4067 limes
785 4001 871 4066 inter
885 4021 924 4064 ea
940 3996 1106 4063 ducendus
1123 3996 1175 4063 ait.
1219 3995 1298 4062 Per·

97 4114 192 4180 malta
206 4135 298 4192 vero,
315 4133 396 4200 quae
412 4112 538 4180 tabulae
553 4115 700 4181 edurum
716 4110 994 4180 accomodatiorea
1008 4109 1159 4190 reddunt,
1182 4111 1298 4175 sturme

99 4223 301 4313 inomnibua
322 4223 486 4313 hucusque
511 4225 607 4294 editis
631 4247 783 4314 quaeras,
814 4223 910 4311 idque
939 4232 975 4288 ut
1003 4222 1131 4289 videtur
1159 4243 1230 4286 eam
1253 4217 1297 4286 ob

101 4361 232 4418 canaam,
257 4337 345 4425 quod
367 4336 514 4425 plerique
535 4338 652 4405 tabulis
676 4361 695 4404 a
717 4361 753 4404 se
770 4335 866 4403 editis
888 4357 960 4403 raro
975 4346 1098 4402 tantum
1113 4333 1297 4412 utebantur,

101 4473 198 4538 neque
221 4449 256 4516 in
280 4471 322 4515 eo
345 4459 448 4528 erant,
471 4458 508 4514 ut
530 4471 613 4536 quae
637 4460 672 4515 et
694 4451 799 4539 qualia
821 4449 992 4518 commoda
1006 4448 1116 4516 tabula
1131 4445 1297 4533 suscipere

100 4573 222 4650 maaet,
254 4561 403 4628 diutmna
426 4561 663 4631 consuetudine
687 4563 860 4632 discerent.
906 4561 979 4629 Huc
1001 4559 1192 4650 praesertim
1212 4561 1299 4628 rele-
