3054 5048
234 217 271 277 18
734 217 934 278 mmm

235 381 373 468 amplius
401 378 613 469 logarlthmoa
642 391 741 450 notae
771 380 937 447 decimalis
966 377 1125 467 septimae
1152 377 1291 449 unitate
1307 377 1458 448 fficsos

235 493 358 560 inveni.

326 606 447 673 Obiter
468 607 656 694 dijudicanti
679 629 785 692 nugoe
807 606 977 672 rideantur
1000 605 1216 672 scmtationea
1232 605 1275 671 de
1289 605 1456 672 extremis
1490 597 1494 614 ’

237 718 501 804 logarithmorum
522 720 611 785 noda
634 718 845 785 decimalibus
859 718 985 784 unitate
1002 719 1157 804 augendis
1173 727 1309 784 autnon
1323 739 1458 804 augen-

238 830 299 910 dis,
323 832 350 896 si
373 853 516 918 sequens
538 842 618 898 nota
640 840 693 896 eat
714 831 747 910 5,
770 851 867 917 quum
889 831 1098 917 logaritbmua
1128 841 1163 896 et
1186 841 1297 898 auctas
1320 841 1356 896 et
1378 851 1456 896 non

237 952 349 1010 auctaas
372 944 505 1009 dimidio
529 943 662 1009 unitatis
685 943 729 1010 rit
749 945 896 1009 vitiosus.
941 942 1010 1008 Sed
1024 963 1200 1030 perpenso,
1224 965 1340 1009 omnes
1354 943 1456 1028 loga-

236 1055 383 1135 rithmos,
407 1077 505 1142 quum
528 1055 594 1120 sint
612 1057 745 1122 numeri
773 1055 991 1134 irrationales,
1020 1077 1087 1121 non
1116 1064 1266 1123 accurate
1297 1053 1455 1121 exhiberi

236 1167 301 1232 nisi
323 1167 457 1234 infinitis
479 1179 627 1234 notarum
650 1167 854 1234 deoimalium
877 1167 1042 1247 seriebus,
1065 1169 1174 1255 itaque
1196 1177 1323 1254 partem
1346 1167 1455 1234 omia-

238 1301 306 1344 sam
335 1289 390 1344 aut
418 1281 572 1366 majorem
602 1290 656 1345 aut
684 1281 843 1346 minorem
871 1303 947 1346 ease
976 1303 1071 1367 quam
1100 1279 1262 1348 dimidiam
1285 1279 1454 1346 unitatem

229 1401 403 1457 erumnae
427 1402 525 1458 notae
549 1391 714 1457 decimalis
721 1439 732 1471 ,
764 1393 982 1480 unusquisque
1007 1392 1207 1473 consentiet,
1234 1389 1453 1478 loguithmos

237 1513 305 1569 tam
327 1514 495 1570 accuratos
520 1503 667 1570 exhiberi
690 1526 802 1590 posse,
826 1513 862 1569 ut
885 1506 1010 1572 averia
1033 1527 1145 1572 eorum
1160 1504 1322 1572 caloribus
1338 1499 1451 1570 minus

238 1617 391 1682 differant
414 1639 509 1703 quam
532 1615 664 1682 dimidie
687 1625 851 1682 extremae
875 1627 974 1683 none
995 1618 1162 1707 ¹decimalis
1176 1619 1312 1698 unitate,
1335 1637 1451 1703 neque

237 1729 381 1814 iniquum
403 1753 422 1792 a
444 1728 572 1794 tabulae
589 1729 714 1796 editore
730 1731 895 1816 postulare
910 1729 1101 1811 videbimur,
1123 1740 1161 1796 ut
1182 1731 1264 1796 haec
1279 1731 1335 1796 lex
1349 1749 1452 1816 quam

236 1841 484 1926 diligentissime
508 1853 635 1908 servata
658 1842 700 1908 sit
723 1843 756 1908 in
771 1842 920 1908 omnibus
936 1843 1065 1912 tabulae
1088 1843 1243 1930 partibus.
1289 1842 1451 1940 Ceterum

234 1953 389 2020 adhunc
418 1955 526 2038 legem
555 1955 729 2020 nonnullae
753 1953 999 2022 observationes
1021 1956 1151 2042 adjungi
1173 1963 1328 2043 possunt,
1361 1973 1449 2041 quae

235 2066 277 2130 ad
299 2075 410 2151 partes
433 2066 695 2150 logarithmorum
710 2067 854 2132 »omissas
877 2067 1061 2154 pertinent,
1091 2089 1224 2155 quarum
1244 2089 1323 2136 vero
1345 2085 1451 2137 unum

237 2177 460 2242 tantummodo
484 2179 670 2264 exemplum
691 2177 755 2242 hoe
778 2179 852 2244 loco
875 2159 1083 2266 proponatur.
1493 2185 1499 2190 ’

325 2287 546 2373 Designentur
561 2288 649 2354 notis
662 2290 702 2368 L,
717 2283 764 2368 Κ,
788 2284 833 2354 L''
847 2300 914 2358 tres
931 2293 1096 2378 cujusdem
1117 2293 1247 2360 tabulae
1262 2291 1451 2378 logarithmi

228 2399 494 2487 subsequentes,
525 2410 560 2464 et
590 2401 676 2466 notis
700 2395 776 2482 l‚·l,
800 2396 828 2466 ἴ(
850 2403 929 2468 vitia
957 2427 1068 2470 eorum
1093 2427 1112 2472 e
1141 2405 1286 2492 partibus
1315 2404 1449 2472 oudssis

109 2573 113 2580 ,
236 2515 387 2598 profecta
409 2514 588 2600 eademque
619 2513 764 2580 exhibite
786 2525 952 2582 extremae
976 2527 1075 2584 notae
1097 2517 1265 2586 decimalis
1287 2516 1448 2606 partibus.

236 2624 349 2712 ltaque
372 2625 481 2690 execti
503 2625 765 2710 logaritbmorum
788 2628 915 2696 valeres
939 2641 1032 2698 sunta

739 2773 769 2838 L
780 2774 824 2861 -l-
836 2777 850 2837 l

738 2881 776 2949 Ι]
787 2885 831 2972 -l-
843 2880 863 2950 l

737 2991 782 3060 LI!
792 2993 837 3084 -Ι-
849 2992 877 3061 ll

239 3166 414 3230 eorumque
440 3141 643 3208 differentiae
666 3143 852 3230 primariae:
922 3217 925 3225 ¹

672 3285 971 3380 r-a÷r-z

675 3397 1014 3492 u-r÷r-u

236 3551 310 3618 Hae
328 3551 533 3616 differentiae
548 3549 716 3636 primariae
739 3563 901 3637 ponantur
923 3554 1096 3639 positivae,
1113 3551 1322 3618 secundariae
1335 3561 1446 3618 autem
1514 3639 1519 3646 ἑ

236 3666 425 3750 negativae,
457 3665 567 3750 quales
599 3685 713 3729 revera
741 3674 817 3729 sunt
844 3664 876 3729 in
900 3687 1104 3731 numerorum
1126 3662 1315 3729 naturalium
1340 3675 1374 3730 et
1400 3666 1445 3731 si-

237 3801 336 3842 nuum
364 3775 574 3862 logarithmia.
625 3775 726 3841 Porro
761 3775 789 3841 si
824 3777 1026 3844 differentiae
1055 3777 1264 3843 secundariae
1295 3777 1445 3844 minores

238 3899 313 3953 aunt
335 3911 427 3974 quam
449 3891 476 3966 l,
501 3898 555 3952 aut
578 3887 760 3972 complures
784 3887 913 3954 tabulae
938 3889 1141 3955 differentiae
1164 3889 1250 3955 inter
1273 3913 1310 3955 ae
1324 3889 1446 3974 ¹subse-

238 4007 377 4086 quentes
401 4001 537 4066 eaedem
560 4009 665 4078 erunt,
690 4009 744 4066 eut
758 4001 883 4068 unitate
900 4011 1051 4068 crescent
1066 4003 1121 4066 vel
1136 4002 1340 4070 decrescent
1370 4001 1445 4068 Hoc

237 4114 313 4177 loco
337 4119 444 4178 autem
467 4121 619 4190 sumatur,
643 4111 844 4182 differentias
866 4112 991 4180 unitate
1015 4135 1187 4193 erescere,
1209 4115 1263 4180 vel
1286 4135 1362 4180 ease

582 4253 1099 4349 U—H—ffl-m=†l

236 4393 347 4480 Itaque
371 4417 390 4458 e
413 4393 564 4458 lemmate

432 4521 1255 4621 (Is-Is)-(L‘-L)†l‘-2l÷l=-c,
