3054 5048
288 22 342 155 ,ἐ

604 209 803 264 ammana
966 163 968 172 ’
1291 201 1312 264 s

100 380 282 438 momenta
305 370 506 452 adhibueris,
530 365 666 438 affettae
690 379 766 437 sunt
789 369 881 451 vitio,
906 369 991 457 quod
1014 369 1113 457 plm'is
1136 389 1231 456 quam
1252 364 1312 434 mi·

100 485 170 548 auti
196 486 335 550 secundi
360 485 594 552 aestimandum
617 497 686 565 eat3
716 471 813 570 atque
841 491 1044 570 argumenta,
1073 481 1188 569 quibus
1211 482 1312 568 ephe·

98 597 244 662 merides
268 597 434 678 nituntur,
453 599 560 664 'etiam
583 597 687 664 minus
711 608 826 670 exacta
849 604 934 674 sunt,
963 605 1000 660 ut
1023 595 1144 661 calculo
1172 595 1226 660 vel
1249 589 1312 660 'de-

100 730 176 774 cem
208 709 415 775 decimalinm
444 709 592 776 instituto
629 709 840 796 complurium
869 707 1061 774 minutorum
1098 687 1313 774 secundorum

99 822 290 888 differentia
317 817 543 888 intercesserit
578 823 663 888 inter
699 821 960 886 observationem
990 829 1025 884 et
1059 817 1311 905 ephemeridem,
1394 863 1399 876 ·

101 957 185 1020 quae
210 935 245 999 in
266 936 362 1000 lunae
385 935 466 1000 locis
490 935 530 1000 ad
554 933 667 1021 viginti
691 954 792 1018 nsque
816 931 1009 996 minutorum
1031 930 1255 1010 secundorum,
1277 931 1311 996 in

100 1046 246 1132 planetis
273 1048 315 1112 ad
335 1045 466 1136 ‚aliquot
497 1044 893 1131 minutorum-primorum
923 1042 1139 1110 differentiam
1162 1065 1311 1110 erescere

101 1168 228 1245 potest.
273 1157 384 1246 ltaque
409 1159 568 1245 ejusmodi
592 1157 814 1237 differentiae,
842 1155 928 1221 unde
960 1163 1218 1240 argumentorum
1248 1155 1313 1222 cal·

102 1271 167 1336 eali
191 1271 415 1338 correctiones
438 1271 695 1358 proficiscuntur,
720 1271 747 1334 si
766 1269 834 1355 jem
857 1269 994 1334 affectae
1017 1276 1096 1334 sunt
1114 1267 1200 1334 vitiis
1223 1289 1313 1334 com·

102 1384 241 1468 plurium
264 1384 459 1450 minutorum
483 1384 697 1450 secundorum
721 1381 805 1448 natis
828 1405 869 1448 ex
893 1380 1172 1476 observationibus
1201 1403 1313 1468 parum

20 1513 22 1590 ξ
105 1496 275 1574 accuratis,
300 1507 391 1562 certe
415 1519 482 1562 non
505 1497 578 1582 plus
601 1495 717 1560 incerti
739 1495 863 1560 habent
885 1505 1019 1582 propter
1041 1494 1155 1560 minuti
1179 1493 1313 1560 secundi

105 1607 270 1674 dimidiam
298 1617 442 1694 partem,
472 1629 568 1694 quam
596 1607 735 1672 calculus
766 1607 923 1674 incertam
949 1606 1092 1694 reliquit3
1122 1605 1313 1693 praesertim

20 1719 22 1752 r
107 1743 203 1807 quum
225 1721 260 1786 in
282 1720 364 1786 locis
388 1720 584 1786 normalibus
610 1719 847 1786 constituendis
864 1718 1062 1788 differentias
1078 1719 1148 1804 illas
1167 1717 1253 1786 inter
1275 1739 1312 1786 ae

107 1835 314 1920 compensari
338 1842 480 1900 constet.

196 1945 291 2016 Quae
314 1967 412 2031 quum
433 1944 483 2030 ita¹
502 1944 577 2024 sint,
602 1966 661 2010 sex
684 1953 782 2010 notae
814 1942 990 2008 decimales
1020 1943 1052 2006 in
1077 1941 1193 2008 ceteris
1216 1941 1313 2010 ratio-

107 2055 213 2136 nibus,
236 2079 320 2143 quae
343 2057 376 2122 in
399 2079 505 2122 rerum
518 2067 629 2122 natura
644 2054 880 2140 irrvestiganda,
900 2054 934 2118 in
949 2054 1030 2120 locis
1047 2053 1135 2140 globi
1151 2053 1313 2120 terrestris

109 2168 312 2246 definiendis,
336 2169 367 2233 in
391 2169 489 2236 rebus
513 2169 650 2234 nauticis
662 2191 671 2230 ε
683 2167 798 2254 liisque
814 2167 1031 2233 instituendae
1049 2176 1134 2246 sunt,
1152 2166 1230 2234 satis
1247 2167 1313 2234 sul·

20 2275 22 2322 l
110 2280 276 2346 ficientem
300 2280 510 2367 praestabunt
533 2280 754 2346 subtilitatem.
801 2279 953 2346 Omnium
976 2280 1062 2346 enim
1084 2281 1194 2346 talium
1215 2279 1314 2346 ratio·

108 2416 186 2458 uum
216 2395 424 2460 fundamenta
448 2403 550 2460 sumta
574 2417 616 2460 ea
639 2391 920 2458 observationibus
943 2393 1099 2458 minorum
1123 2391 1314 2457 instrumen-

20 2509 23 2580 ζ
110 2515 213 2572 torum
237 2527 302 2592 ope
325 2505 420 2571 iacta
443 2507 544 2572 multo
566 2507 671 2572 minus
687 2515 836 2570 accurata
859 2515 961 2570 erunt.

196 2617 290 2682 Hanc
311 2639 417 2682 rerum
440 2617 659 2684 conditionem
682 2615 845 2703 aspernati
867 2615 990 2702 priores
1013 2613 1191 2682 tabularum
1207 2613 1313 2682 edito·

112 2751 162 2794 rea
184 2729 379 2815 singularem
400 2731 558 2815 quandam
581 2751 722 2794 summae
746 2727 958 2815 perfeetionis
982 2727 1126 2812 speciem
1155 2726 1314 2813 petebant

114 2841 302 2928 computatis
327 2841 580 2928 quamplurimis
603 2843 690 2920 notis
714 2839 936 2920 decimalibus,
961 2863 1039 2928 ques
1063 2841 1130 2907 Bri
1138 2817 1255 2926 g‘gius
1279 2849 1314 2906 et

112 2953 336 3040 Vlacquiua
359 2953 459 3018 denas
482 2955 536 3018 vel
559 2953 671 3041 quinas
687 2953 787 3018 denas
811 2953 844 3018 in
868 2952 1019 3018 tabulise
1042 2975 1078 3020 ae
1102 2953 1198 3020 editis
1221 2945 1314 3018 nota-

20 3123 21 3128 ,
111 3065 195 3132 baut.
240 3065 310 3130 Hos
335 3076 467 3130 secutus
492 3066 623 3132 saeculo
647 3075 721 3132 ante
746 3087 806 3131 noa
829 3065 976 3152 proiimo
1000 3066 1109 3152 Vega
1131 3067 1314 3132 thesaurum

111 3177 371 3264 legarithmorum
381 3179 422 3244 ad
434 3177 591 3244 decimam
603 3201 703 3264 usque
715 3187 826 3244 notam
843 3177 1033 3244 decimalem
1057 3187 1315 3265 computatorem

113 3289 220 3355 edidit.
274 3289 493 3355 Novissimum
532 3311 609 3354 vero
640 3291 787 3376 ejusdem
827 3293 968 3378 exempli
998 3313 1078 3378 opus
1109 3301 1161 3356 est
1194 3289 1313 3371 tabula,
1356 3351 1360 3358 .

20 3419 23 3498 f
113 3425 201 3489 qnam
218 3403 342 3468 curavit
365 3402 535 3470 Pronior
543 3451 553 3483 ,
578 3401 693 3467 decem
709 3403 762 3468 vel
779 3403 987 3489 complurium
1003 3413 1149 3470 notarum
1172 3403 1314 3470 decima-
1360 3387 1362 3391 ¹

112 3515 198 3594 bum,
223 3525 259 3579 et
282 3537 362 3600 quae
387 3515 490 3580 adhuc
514 3515 636 3580 inedita
658 3525 840 3582 asservatur
868 3516 901 3580 in
930 3515 1153 3583 observatorio
1177 3515 1315 3582 Parisio-

111 3650 186 3694 rum.
231 3627 318 3692 Num
348 3625 409 3690 hae
441 3637 475 3692 et
504 3628 585 3692 aliae
616 3627 774 3714 ejusmodi
798 3627 924 3693 tabulae
946 3649 1059 3693 revera
1085 3649 1222 3714 unquam
1244 3626 1315 3694 usui

113 3739 227 3805 inerint
250 3740 283 3802 in
306 3738 495 3818 rationibus,
519 3740 613 3805 valde
637 3739 767 3818 dubito,
797 3739 859 3806 nisi
882 3740 968 3826 quod
991 3738 1315 3825 posteriori0tabule·

112 3872 177 3917 rum
200 3850 319 3916 editori
342 3849 425 3915 viam
448 3851 674 3937 patefecerint.

20 4037 21 4046 χ
197 3962 375 4049 Praecipue
410 3963 449 4028 ad
479 3973 589 4050 aptum
618 3973 651 4028 et
682 3964 885 4038 commodum
911 3962 1039 4030 tabulae
1061 3985 1153 4030 mom
1177 3967 1316 4050 confert,

20 4125 21 4168 ss
114 4076 273 4163 aipafras
297 4085 421 4140 tantum
434 4075 635 4144 differentias
651 4077 685 4144 in
701 4079 825 4144 calculo
840 4075 985 4142 adhiberi
1002 4099 1083 4165 opus
1101 4089 1162 4145 eat.
1208 4079 1315 4148 Unus·

20 4207 21 4272 ζ
115 4187 244 4274 quisque
269 4188 356 4254 enim
381 4189 454 4268 scit,
475 4189 541 4274 jam
565 4211 606 4258 eo
630 4201 759 4278 septem
774 4188 1077 4256 decimaliumusnm
1092 4193 1229 4258 maxime
1246 4215 1315 4260 mo·

20 4299 21 4302 ’
114 4299 224 4366 leatum
247 4299 331 4380 fieri,
355 4301 442 4387 quod
465 4301 497 4366 in
522 4301 622 4368 altera
644 4300 773 4368 tabulae
796 4309 904 4388 parte,
937 4325 1017 4408 quae
1046 4303 1230 4370 functiones
1259 4306 1316 4371 tri·

20 4397 21 4480 l
115 4413 347 4498 gonometricaa
364 4413 521 4494 continet,
538 4425 723 4501 argumenta
735 4414 868 4501 singulis
879 4415 1010 4482 minutis
1026 4417 1135 4503 primis
1153 4429 1314 4496 creseunt,

113 4525 152 4590 ita
172 4538 209 4592 nt
230 4527 438 4594 differentiae
461 4537 612 4614 quattuor
634 4537 728 4596 notas
753 4529 929 4598 decimales
952 4531 1124 4618 accipiant,
1148 4540 1183 4598 et
1197 4553 1315 4598 secun·
