3054 5048
110 243 114 255 f
197 205 230 266 ll
698 197 894 262 maimo.

197 370 434 436 alinearuento
463 368 654 435 mentali
683 367 826 456 incipiat.
873 366 962 456 Quo,
978 365 1091 432 ordine
1120 367 1239 433 lacman
1266 373 1336 446 est,
1370 373 1417 432 ut

197 497 324 550 sumum
347 491 382 548 et
405 482 556 548 deorsum
580 481 708 548 calores
731 479 862 546 minutis
887 479 1040 545 secundis
1063 477 1084 544 0
1107 477 1265 565 usquead
1285 474 1329 544 60
1351 482 1418 544 re·

197 595 401 682 spondentes
424 594 457 658 in
481 603 659 680 systemate
682 593 951 658 lineamentorum
973 613 1103 679 prorsus
1133 589 1279 657 similiter
1301 589 1415 657 collo-

197 705 261 771 cati
291 705 365 772 sint
417 705 592 772 Praeterea
621 705 728 792 priora
756 703 895 792 quinque
928 703 1053 770 minuta
1082 703 1184 792 prima
1214 725 1233 769 a
1260 701 1412 790 quinque

196 817 430 905 posterioribus
453 816 611 883 crassiore
633 816 832 884 lineamento
848 817 1038 884 horizontali
1053 817 1155 883 divisa
1170 826 1255 896 sunt,
1278 824 1315 883 ut
1326 807 1415 883 ocu-

196 930 237 996 lis
260 930 485 997 adminiculum
506 927 609 994 detur.
655 927 712 994 llla
734 951 812 996 vero
829 931 989 1010 columna,
1013 930 1063 997 cui
1077 929 1330 1017 suprascriptum
1352 937 1413 994 est

199 1035 269 1122 W,
293 1041 391 1108 etiam
413 1041 447 1106 id
469 1041 674 1108 commodum
697 1041 809 1123 affert,
832 1053 869 1110 ut
892 1042 1096 1109 differentiae
1119 1041 1205 1109 inter
1227 1034 1265 1107 il*
1287 1051 1322 1108 et
1347 1033 1414 1108 10*

195 1155 323 1222 facilius
345 1154 473 1222 formari
496 1154 635 1242 possint.
679 1153 796 1243 Neque
819 1156 967 1244 ineptum
989 1155 1106 1221 fuisset
1128 1155 1160 1220 in
1177 1153 1286 1220 tabula
1308 1151 1331 1217 l.
1355 1152 1413 1220 lo·

198 1267 436 1356 garithmurum,
460 1267 630 1346 columna,
660 1267 711 1334 cui
734 1277 813 1334 nota
839 1268 936 1336 tuin
959 1269 1085 1334 vertice
1109 1267 1327 1354 suprascripta
1349 1265 1411 1346 sit,

197 1380 317 1460 addita,
341 1379 478 1446 eandem
501 1389 618 1466 petere
642 1381 877 1461 oeconomiam,
901 1381 960 1446 sed
972 1379 1162 1467 praeoptavi
1173 1379 1410 1445 lineamentum

197 1493 352 1559 verriculo
375 1491 461 1558 inter
477 1499 571 1566 notus
587 1493 656 1560 det
679 1492 698 1558 5
716 1493 858 1574 ductum,
882 1493 968 1581 quod
984 1492 1116 1560 civitate
1133 1493 1268 1579 quadam
1284 1491 1410 1578 gaudet

197 1605 231 1672 in
253 1603 515 1692 logarithmorum
544 1603 681 1684 tabulis,
712 1628 807 1692 quum
832 1606 1036 1672 differentiae
1064 1605 1152 1672 inter
1173 1601 1409 1691 argumentati

199 1727 234 1784 et
261 1717 302 1783 10
323 1716 466 1784 minores
490 1716 556 1782 sint
577 1716 686 1804 itaque
711 1719 915 1791 commodum
939 1719 967 1784 si
977 1717 1102 1785 facilius
1111 1717 1241 1784 formari
1255 1726 1406 1804 possunt,

198 1853 264 1898 non
280 1829 388 1917 magni
411 1829 646 1898 aestimandum
661 1830 714 1896 sit.
760 1829 914 1898 Ceterum
936 1831 1025 1898 varia
1045 1829 1176 1895 aliarum
1197 1828 1334 1916 partium
1355 1838 1408 1894 te·

197 1942 296 2010 bulae
320 1941 514 2010 oeconomia
536 1942 600 2009 hoc
622 1951 768 2030 praestat
791 1943 1012 2022 commodum,
1034 1951 1071 2010 ut
1093 1963 1136 2008 ex
1157 1963 1197 2008 ea
1219 1941 1302 2008 libro
1325 1961 1408 2007 evo·

162 2037 165 2042 ¹
197 2055 265 2123 luto
303 2055 412 2122 statim
435 2077 617 2142 cognoscas
645 2077 741 2143 quam
763 2065 889 2142 partem
916 2055 1055 2135 habeas,
1085 2053 1119 2120 id
1149 2053 1235 2142 quod
1259 2055 1327 2141 jam
1354 2051 1407 2119 Ill.

197 2166 354 2256 Babbage
377 2168 512 2248 monuit,
535 2167 587 2234 cui
610 2167 736 2248 addam,
759 2168 849 2233 idem
870 2167 1028 2256 praestari
1050 2167 1193 2254 margine
1216 2165 1406 2254 paginarum

197 2303 217 2346 a
238 2281 432 2368 glutinatore
456 2280 544 2347 varie
567 2281 723 2361 colorato,
745 2291 781 2348 ut
802 2281 970 2369 primariae
993 2281 1066 2348 libri
1087 2289 1209 2367 partes,
1232 2301 1315 2367 quae
1337 2301 1407 2346 non

198 2392 318 2460 multae
342 2403 428 2472 sunt,
447 2393 515 2478 jam
537 2402 673 2459 externa
696 2393 809 2480 speeie
832 2403 1080 2482 cognoscantur.

285 2503 501 2573 Functionum
522 2505 856 2592 trigonometricarum
878 2507 1008 2574 tabulae
1031 2527 1106 2594 pars
1124 2507 1224 2572 alters
1239 2505 1408 2593 complec-

196 2619 275 2686 titur
297 2617 504 2705 logarithmos
527 2617 674 2697 sinuum,
699 2619 883 2700 cosinuum,
913 2619 1132 2706 tangentium,
1163 2617 1407 2704 cotangentium

197 2753 257 2820 pro
281 2729 414 2821 singulis
437 2729 631 2796 minutorum
655 2732 871 2798 secundorum
895 2730 1083 2798 decadibus.
1128 2729 1164 2796 ln
1188 2753 1251 2818 qua
1266 2751 1407 2818 symme-

197 2843 259 2910 tria
279 2841 420 2930 expleta,
443 2851 632 2927 argumento
655 2843 709 2909 vel
732 2851 905 2910 crescente
922 2845 975 2910 vel
987 2844 1216 2924 decrescente,
1238 2843 1272 2908 in
1285 2865 1326 2910 eo
1344 2865 1406 2930 pe·

198 2956 299 3023 tenda
320 2953 501 3033 videbatur,
524 2954 611 3040 quod
623 2955 847 3044 columnarum¹
864 2955 967 3022 series
991 2955 1034 3022 sit
1050 2955 1135 3035 talis,
1158 2965 1195 3022 ut
1204 2951 1404 3042 lugarithmis

198 3067 325 3134 sinumu
347 3067 380 3132 in
402 3065 504 3153 prima
527 3066 676 3133 columna
697 3089 800 3155 prope
823 3079 1045 3155 argumentum
1067 3067 1183 3156 positis
1207 3089 1249 3134 ex
1264 3065 1402 3135 adverso

197 3177 420 3266 respondeant
440 3179 623 3265 iogarithmi
646 3180 815 3248 cosinuum
837 3173 871 3246 in
893 3193 1058 3270 postrema
1080 3155 1229 3248 iolumua
1245 3180 1344 3267 positi
1367 3191 1404 3247 et

197 3293 268 3380 pari
290 3293 388 3359 modo
411 3289 610 3378 lugarithmis
633 3293 834 3380 tangentium
856 3294 891 3360 in
914 3295 1016 3361 altera
1038 3295 1188 3362 columna
1215 3292 1332 3382 positis
1354 3293 1404 3360 lo·

198 3403 345 3491 garithmi
369 3380 611 3490 coiangentium
634 3404 667 3470 in
690 3405 786 3472 tertia
807 3407 975 3488 collocati,
1005 3429 1087 3494 quae
1111 3407 1329 3473 columnarum
1350 3429 1403 3473 se·

197 3516 263 3584 ries
282 3517 349 3602 jam
372 3516 405 3580 in
428 3515 591 3583 nonnullis
619 3516 737 3583 tabulis
765 3518 1000 3586 recentioribus
1032 3519 1186 3606 adoptata
1208 3529 1270 3584 est.
1316 3516 1403 3584 'l'an-

198 3625 343 3717 gentium
364 3639 400 3694 et
422 3628 666 3715 eotangentium
689 3630 893 3697 differentiae
917 3654 1013 3719 quum
1037 3632 1102 3698 sint
1124 3653 1312 3714 communes
1334 3653 1403 3697 me·

200 3741 287 3808 dium
309 3743 414 3810 locum
438 3741 523 3808 inter
545 3741 603 3806 has
626 3741 812 3809 mactiones
834 3753 968 3823 tenent,
998 3743 1124 3810 sinuum
1152 3765 1231 3810 vero
1260 3751 1296 3809 et
1318 3743 1403 3810 cosi·
1510 3777 1515 3782 ·

198 3847 296 3920 nuum
320 3856 361 3920 ad
383 3855 529 3922 dextram
552 3853 751 3920 functionum
773 3856 900 3942 positae
917 3865 1000 3922 sunt.
1046 3855 1331 3924 Lineamentcrum
1344 3857 1403 3922 ho·

97 4010 100 4017 -
198 3966 399 4034 risontalium
422 3969 553 4048 ordine,
583 3965 637 4054 qui
665 3967 699 4032 in
721 3967 782 4032 hae
806 3965 935 4034 tabulae
965 3977 1056 4055 parte
1079 3967 1244 4056 partitioni
1268 3991 1402 4056 sexage-

197 4079 306 4146 nariae
329 4079 487 4166 aptandus
510 4089 597 4158 erat,
627 4079 660 4144 id
684 4079 824 4166 egimus,
847 4087 883 4146 ut
905 4081 1090 4147 functiones
1113 4080 1249 4167 integris
1272 4081 1401 4148 minutis

197 4191 438 4281 respondentes
462 4193 637 4279 conspiuae
658 4193 834 4261 reddantur
856 4203 891 4260 et
905 4192 989 4262 libro
1005 4193 1136 4260 evoluto
1158 4193 1266 4260 statim
1282 4217 1402 4284 cogno·

198 4314 338 4373 scantin.
382 4303 580 4371 Fimctiones
605 4329 693 4388 vero,
717 4329 799 4394 quae
823 4307 1019 4394 argumentis
1046 4301 1115 4388 10⁰,
1138 4299 1209 4388 20(ss
1233 4299 1309 4388 30⁹,
1333 4300 1399 4389 iot,

198 4412 258 4486 5d'
278 4418 483 4506 respondent
505 4427 540 4484 ct
562 4419 703 4507 quinque
725 4421 821 4488 lineis
843 4421 929 4488 inter
940 4421 1064 4488 minuta
1078 4421 1180 4509 prima
1194 4419 1321 4507 integra
1336 4421 1401 4489 col·

196 4533 323 4602 locatae
347 4542 440 4614 sunt,
468 4531 563 4600 facile
591 4531 735 4618 singulae
765 4557 808 4600 ex
831 4536 996 4604 oculomm
1021 4534 1143 4622 judicio
1165 4533 1304 4600 inveniri
1326 4557 1400 4622 pos-
