3054 5048
601 205 800 266 mmo.
1274 199 1309 262 lb

107 365 250 434 tmpore
277 369 500 457 respondeat.
545 373 662 460 Neque
690 370 795 438 minus
825 363 1044 434 necessarium
1072 364 1242 432 videbatur
1263 374 1312 431 ta·

106 480 187 548 bellis
215 480 266 547 hia
295 493 417 568 partes
450 475 709 572 proportionales
739 505 833 570 quam
865 479 1119 546 accuratissimos
1153 477 1311 557 exhiberi,

104 594 222 660 ultimae
245 606 349 662 notae
375 597 547 664 decimalis
571 597 748 664 subtilitate
772 594 856 660 haud
880 600 1069 680 aspernata,
1099 614 1195 678 quum
1218 591 1312 658 aliter

103 709 304 794 complurium
328 731 542 778 numerorum
573 709 785 776 summatione
815 706 932 793 plenae
962 703 1094 770 unitatis
1125 703 1235 769 vitium
1259 705 1313 770 vel

100 821 193 906 majus
215 821 249 884 in
273 823 396 888 ultima
413 835 491 890 nota
506 823 655 890 decimali
671 821 796 888 evadat.
846 817 943 884 Aliud
966 815 1232 904 impedimentum
1248 817 1312 882 eal·

101 933 166 1012 culi,
189 956 254 1020 quo
267 933 428 1002 laborant
451 946 579 1023 septem
592 935 795 1002 decimalium
818 930 946 998 tabulae
962 931 1060 996 etiam
1074 927 1312 1014 Babbagienae‚

98 1056 155 1126 eat,
178 1048 267 1133 quod
289 1073 338 1116 ne
365 1049 518 1116 omnibus
542 1049 672 1136 quidem
695 1044 885 1112 differentiis
908 1043 1146 1130 respondentes
1176 1041 1313 1108 tabellas

98 1159 129 1222 in
148 1181 348 1250 mraquaque
377 1163 496 1250 pagina
518 1161 690 1250 appositae
715 1168 800 1238 sunt,
823 1155 950 1224 etiamsi
973 1155 1110 1242 spatium
1127 1153 1334 1247 suppeditag

97 1269 159 1350 bat,
181 1265 228 1338 ita
251 1283 291 1339 ut
316 1275 452 1362 saepius
476 1275 680 1340 differentiae
703 1270 907 1358 respondens
930 1267 1050 1334 tabella
1072 1269 1105 1332 in
1122 1269 1182 1334 elia
1197 1267 1315 1354 pagina

98 1387 286 1470 quaerenda
312 1389 370 1454 sit
418 1387 511 1454 Quae
537 1387 600 1452 duo
624 1384 702 1450 vitia
725 1368 881 1462 efficiunt,
905 1393 940 1448 ut
962 1380 1013 1447 his
1036 1381 1165 1447 tabellis
1182 1379 1313 1448 omnino

96 1517 158 1562 uon
182 1498 348 1568 adhibitis
372 1501 413 1566 ed
437 1501 499 1566 elia
522 1500 637 1566 auxilia
661 1495 907 1586 profugiendum
939 1494 981 1560 sit
1012 1493 1182 1580 septimam
1205 1503 1315 1560 notam

98 1607 292 1677 decimalem
318 1621 474 1679 accurate
497 1612 700 1678 exhibituris.

184 1746 288 1814 Quod
322 1749 513 1836 plerumque
549 1759 678 1836 septem
709 1745 914 1818 decimalium
943 1743 1071 1810 tabulae
1101 1743 1198 1808 etiam
1227 1744 1316 1828 loga-

98 1856 232 1926 ritbmos
265 1883 479 1928 numerorum
507 1861 679 1928 terminum
713 1859 844 1928 100000
875 1857 1109 1944 egredientium
1134 1857 1314 1936 continent,

99 1991 169 2034 eam
198 1972 243 2038 ob
276 1996 413 2040 causam
439 1973 560 2040 lactum
590 1984 659 2053 est,
690 1984 726 2038 ut
754 1971 962 2058 interpolatio
992 1969 1116 2038 facilior
1150 1970 1314 2036 reddatur.

98 2080 187 2150 Haec
210 2109 297 2152 vero
324 2109 385 2152 sex
407 2086 612 2152 decimalium
639 2084 765 2165 tabula,
795 2086 829 2149 in
859 2107 921 2171 qua
949 2082 989 2150 ab
1018 2084 1110 2149 initm
1139 2083 1315 2168 interpola·

98 2195 203 2262 b'ones
220 2221 335 2286 aeque
351 2199 527 2287 expeditae
544 2211 579 2264 et
593 2199 707 2264 faciles
724 2210 809 2277 sunt,
829 2219 869 2264 ea
884 2196 1131 2284 amplificatione
1144 2217 1210 2262 non
1227 2197 1313 2281 'eget

185 2403 219 2470 2.
272 2403 546 2468 Functionum
581 2399 1009 2488 trigonometricarum
1043 2397 1210 2464 tabulae
1240 2419 1314 2484 pars

102 2511 186 2598 prior
209 2515 366 2582 continet
389 2515 529 2602 quinque
552 2515 707 2602 graduum
728 2515 869 2604 priorum
891 2513 956 2598 log.
982 2511 1050 2576 Sin.
1074 2520 1109 2576 et
1130 2510 1194 2595 log.
1211 2509 1314 2595 Tang.

102 2607 160 2710 pro
184 2627 325 2713 singulis
348 2627 479 2692 minutia
503 2628 666 2710 secundis,
691 2637 724 2694 et
747 2627 876 2715 quidem
891 2624 1099 2712 logarithmos
1115 2622 1241 2708 integre
1259 2641 1315 2687 ex·

105 2757 238 2821 pressos
264 2762 367 2827 usque
391 2741 432 2804 ad
455 2741 610 2806 minutum
633 2741 770 2828 primum
792 2740 847 2820 20,
871 2739 912 2806 ab
936 2761 976 2804 eo
1000 2737 1207 2802 inde-autem
1229 2735 1316 2823 prio-

106 2868 158 2914 res
181 2853 269 2920 duae
299 2864 398 2919 notae
429 2854 604 2920 decimales
633 2877 696 2920 una
719 2864 791 2920 curn
815 2849 1072 2919 characteristica
1094 2848 1127 2914 in
1142 2848 1244 2935 prima
1260 2869 1315 2914 co-

108 2959 215 3030 lumna
237 2966 366 3051 positae
390 2977 474 3046 sunt,
499 2988 580 3052 quse
605 2978 785 3033 ceterarmn
809 2966 1026 3032 columnarum
1044 2961 1130 3029 notis
1146 2962 1315 3028 addendae

111 3085 183 3140 sunt
214 3079 311 3144 sicuti
340 3078 374 3142 in
402 3079 504 3165 prima
532 3079 626 3165 hujus
656 3079 785 3144 tabulae
809 3087 911 3165 perte.
959 3077 1013 3142 Sic
1035 3075 1105 3142 fieri
1128 3074 1250 3162 potuit,
1279 3083 1316 3142 ut

110 3187 189 3255 ordo
213 3189 400 3276 paginarum
428 3190 547 3277 ubique
574 3191 617 3256 sit
647 3191 788 3278 aequalis
817 3201 851 3256 et
880 3212 1073 3274 congruens.
1118 3189 1316 3274 Argumenta

111 3301 196 3366 enirn
219 3302 253 3367 in
276 3302 425 3368 omnibus
448 3303 574 3389 paginis
599 3326 616 3366 a
640 3303 767 3369 sinistra
789 3313 881 3390 purte
902 3303 943 3367 ad
964 3301 1174 3388 logarithmos
1190 3301 1315 3368 sinuum

113 3413 269 3480 adextra
290 3424 381 3501 parte
406 3415 446 3480 ad
468 3415 677 3501 logarithrnos
706 3415 908 3502 tangentium
936 3414 1150 3482 inveniendos
1179 3414 1316 3500 primum

113 3521 245 3612 integris
268 3527 460 3592 minutorum
484 3527 657 3612 primorum
680 3527 856 3594 decadibus
873 3528 993 3594 deinde
1016 3528 1049 3594 in
1061 3528 1204 3614 margine
1221 3528 1315 3594 denis

112 3637 242 3703 minutis
266 3639 434 3719 secundis,
464 3641 605 3728 denique
636 3642 669 3706 in
698 3641 821 3708 vertice
852 3651 887 3706 et
909 3642 998 3707 calce
1021 3641 1158 3727 paginae
1183 3641 1316 3727 singulis

113 3751 241 3818 minutis
266 3752 417 3818 secundis
438 3753 696 3840 progrediuntur.
741 3755 954 3822 Lineamenta
982 3775 1061 3819 vero
1090 3754 1184 3818 aliter
1207 3753 1317 3840 dispo·

113 3871 228 3930 nmtnr
250 3875 347 3951 atque
371 3867 404 3930 in
427 3865 536 3932 tabula
557 3865 581 3932 1.
605 3889 743 3934 necesse
766 3867 842 3947 fuit3
866 3875 1035 3954 praeterea
1059 3865 1238 3932 columnam
1261 3867 1318 3932 ad-

114 3975 189 4042 dere
214 3977 433 4044 necessarium
455 3977 642 4059 ridebatur,
667 3981 717 4046 cui
742 3979 991 4068 suprascriptum
1021 3985 1073 4044 est
1100 3972 1154 4045 10⁰
1177 3975 1216 4045 et'
1234 4003 1315 4067 quae

113 4109 175 4156 non
214 4089 295 4156 alios
331 4091 457 4158 valores
496 4091 661 4171 contine-t,
691 4115 785 4180 quarn
814 4093 963 4159 columna
991 4084 1038 4156 (Υ.
1091 4092 1202 4180 ltaque
1232 4117 1319 4180 sym·

114 4203 225 4270 metria
248 4213 301 4270 est
324 4204 408 4284 talis,
432 4215 468 4272 ut
490 4205 524 4272 in
547 4206 671 4274 vertice
696 4215 731 4271 et
754 4207 843 4273 calce
867 4206 989 4272 minuta
1012 4207 1154 4274 secunda
1169 4207 1201 4288 0,
1230 4211 1259 4286 1,
1285 4207 1316 4287 2,

116 4313 365 4398 bamediisd,
390 4317 421 4398 5,
445 4316 466 4384 6
491 4319 629 4388 ethaeo
653 4343 672 4384 a
695 4317 930 4406 posterioribus
954 4321 985 4396 i,
1008 4319 1041 4402 8,
1066 4319 1097 4400 9,
1124 4319 1256 4389 illatris
1279 4321 1318 4386 li·

116 4431 292 4498 neamentis
317 4441 487 4520 segregata
508 4433 583 4515 sint,
607 4445 704 4523 atque
721 4442 756 4498 ut
778 4433 811 4500 in
828 4435 1023 4523 argumentis
1039 4434 1092 4500 rel
1106 4433 1318 4522 progredien-

116 4541 195 4612 tibus
218 4545 273 4612 rel
296 4544 556 4634 regredientibus
571 4546 734 4636 integrum
748 4549 997 4638 unumquodque
1009 4548 1165 4614 minutim
1180 4548 1317 4636 primum
