3054 5048
593 219 790 278 mmo.
1257 219 1293 280 ss

56 385 201 468 mor
221 381 322 452 stiae
352 394 464 454 notae
486 385 572 452 inter
591 384 655 450 hos
684 383 780 464 fines,
811 379 1180 466 'l'rigonometriae
1206 379 1295 450 Bri·

62 495 233 563 tannica
242 520 265 564 e
279 519 356 585 ope
370 498 414 564 ad
426 505 570 584 quartam
582 496 742 562 decimam
749 517 852 582 usque
863 503 974 560 notam
982 493 1173 574 decimalem
1185 495 1294 586 denuo

69 609 248 696 computati
273 619 370 676 sunt.
418 609 480 676 His
503 619 538 676 et
560 609 630 676 aliis
653 607 852 694 logorithmis
868 607 1125 694 quattuordecim
1146 617 1295 677 notarum

73 719 282 788 decimalium
313 722 514 808 comparatis
544 721 735 809 saepissima
762 719 841 786 vitia
868 719 962 785 unius
992 720 1048 787 vel
1085 721 1294 806 complurium

72 835 234 900 unitum
256 823 521 920 in'logarithmis
545 833 703 900 Thesauri
723 842 908 920 patuerunt.
952 831 1041 898 Inter
1070 830 1112 898 76
1136 831 1223 897 enim
1244 833 1294 899 lc·

72 946 255 1032 guitbmos
280 945 411 1012 sinuum
433 946 671 1013 accuratissime
687 955 893 1033 computatos
910 944 949 1011 31
973 943 1182 1046 iidemxerant
1196 954 1293 1030 atque

72 1059 306 1137 in'l'lresauro,
329 1058 364 1124 in
381 1057 425 1128 36
449 1059 564 1126 vitium
587 1067 657 1126 eret
683 1061 712 1139 l,
734 1058 769 1124 in
791 1057 1028 1144 8logurithmis
1043 1057 1158 1124 vitium
1174 1065 1244 1122 crat
1260 1057 1292 1136 2,

73 1172 110 1238 in
132 1193 202 1238 nno
234 1171 255 1239 3
287 1171 440 1239 unitates
485 1171 574 1238 Inter
600 1169 643 1238 ts
672 1193 753 1239 vero
782 1147 992 1258 logarithnios
1019 1169 1229 1256 tangentium:
1254 1167 1293 1238 13

73 1305 147 1352 non
169 1282 296 1362 vitiosi,
319 1284 364 1354 22
387 1284 499 1352 affecti
522 1295 616 1350 erant
638 1283 717 1350 vitio
743 1283 774 1363 1,
801 1284 842 1350 10
864 1284 944 1350 vitio
968 1284 1000 1364 2,
1025 1282 1137 1348 3vitio
1153 1283 1185 1362 3,
1212 1282 1294 1348 lui·

72 1396 125 1462 tio
151 1397 175 1464 5
198 1393 371 1464 unitatum.
415 1395 527 1484 Itaque
550 1397 637 1464 inter
661 1394 723 1466 125
747 1395 974 1483 logarithmos,
1004 1417 1137 1484 quorum
1161 1415 1295 1482 compu-

72 1506 164 1574 tnlio
187 1506 244 1574 hic
267 1507 375 1574 denuo
398 1507 597 1576 instituenda
619 1518 698 1588 erat,
723 1509 763 1576 81
789 1509 898 1575 vitiosi
919 1509 1042 1596 reperti
1065 1517 1159 1586 sunt,
1181 1516 1218 1574 ut
1241 1529 1295 1574 se·

73 1619 229 1686 cundum
249 1618 338 1686 hunc
361 1641 521 1686 canonem
542 1620 629 1688 inter
652 1621 763 1690 68le
786 1621 944 1688 Thesauri
957 1621 1168 1709 logorithmcs
1183 1617 1294 1688 44050

48 1779 53 1786 -
72 1731 223 1800 vitiosos
245 1753 322 1798 esso
346 1755 366 1798 a
388 1732 577 1820 conjectum
600 1733 819 1821 colligendum
841 1734 928 1818 siv).

174 1867 229 1933 Ex
249 1867 301 1934 his
323 1867 481 1934 'l'hesami
502 1870 765 1957 logarithmorum
787 1869 893 1950 vitiis,
924 1867 1040 1957 quibus
1070 1867 1195 1936 decima
1216 1877 1296 1936 nota

75 1979 252 2048 decimalis
263 1979 383 2068 ubique
400 1981 434 2046 io
446 1981 571 2049 incerto
582 1983 697 2051 relicta
719 1993 771 2049 est
794 1991 829 2050 et
852 2003 934 2070 quae
950 1981 1047 2048 etiam
1069 1981 1104 2047 in
1121 1977 1295 2048 Adriani

75 2091 276 2180 Vlacquii
296 2092 511 2161 Arithmetica
532 2093 705 2175 artificiali,
739 2093 774 2160 in
804 2116 867 2182 qua
895 2072 1047 2181 tanquam
1083 2093 1295 2160 fundamento

79 2203 274 2271 'l'heaanms
295 2203 425 2287 nititur,
454 2207 569 2274 eadem
592 2218 677 2289 sunt,
701 2205 800 2274 multa
821 2206 899 2274 vitia
921 2205 1168 2294 proficiscuntur
1189 2206 1223 2271 in
1246 2215 1321 2272 ta··

79 2315 173 2384 bulis
198 2325 327 2404 septem
349 2327 498 2385 notarum
520 2319 724 2388 decimalium
745 2320 912 2408 hucusque
936 2317 1044 2398 editis,
1068 2317 1189 2406 quippe
1212 2339 1295 2405 quse

82 2427 156 2496 sint
177 2429 375 2514 exemplaria
395 2430 520 2498 illarum
541 2433 721 2500 tabularum
742 2433 851 2500 denuo
874 2429 960 2520 typis
984 2431 1025 2496 ad
1048 2429 1220 2517 septimam
1241 2451 1297 2495 us-

85 2563 154 2630 que
175 2551 286 2608 notam
308 2543 501 2611 decimalem
523 2546 691 2634 impresse.
736 2545 826 2612 Inter
849 2567 962 2613 omues
985 2543 1095 2610 talium
1118 2539 1297 2608 tabularum

86 2664 238 2722 coctores
255 2677 412 2722 summam
428 2658 755 2748 circumspectionem
770 2657 917 2724 adhibuit
940 2655 1161 2735 Gordiner,
1186 2653 1239 2742 qui
1261 2653 1297 2720 in

85 2767 289 2854 logatitltmis
312 2777 443 2856 septem
458 2781 605 2839 notarum
623 2771 827 2838 decimulium
843 2769 1081 2838 constituendis
1096 2767 1296 2854 logarithmis

87 2879 222 2967 quidem
242 2879 449 2969 Visoquianis
476 2905 553 2950 usus
585 2893 637 2951 est
666 2885 726 2951 sed
749 2893 846 2950 antea
868 2882 1025 2950 correctis
1054 2905 1073 2948 e
1100 2881 1298 2949 differentis-

86 3013 160 3058 rum
185 3014 379 3079 progressu,
408 3003 562 3082 tanttmue
591 2997 651 3063 fuit
681 2998 751 3084 ejus
782 2995 965 3084 diligentia,
991 3003 1028 3062 ut
1056 2995 1296 3082 comparatione

88 3103 240 3170 metitum
252 3103 339 3172 inter
353 3105 437 3174 hano
449 3106 591 3174 tabulm
607 3118 643 3175 et
659 3131 740 3191 eam,
758 3131 853 3200 quam
868 3109 1019 3196 Taylor
1033 3107 1297 3196 quinquagesimo

89 3237 177 3282 auno
201 3226 290 3302 post'
306 3217 425 3299 edidit,
454 3229 490 3286 et
519 3221 609 3307 cujus
641 3223 825 3310 complures
854 3221 1064 3308 logarithmos
1086 3221 1232 3288 diversos
1256 3219 1296 3286 ab

88 3327 208 3394 iisdem
228 3327 358 3396 tabulae
380 3333 579 3413 vetustioris,
604 3335 693 3422 quod
704 3335 874 3401 attinetad
887 3333 1057 3422 septimam
1069 3343 1182 3401 notam
1208 3333 1298 3400 deci·

89 3439 220 3538 mplem‚
239 3439 347 3508 denuo
360 3447 614 3531 computavimus
629 3447 832 3514 Gordiner
844 3469 975 3537 semper
985 3447 1154 3514 victoriam
1166 3469 1299 3514 maecu-

90 3563 145 3620 cua
162 3552 216 3622 sit.
261 3553 365 3640 Hujus
380 3559 611 3644 praestantiam
626 3559 795 3648 adoptavit
805 3560 915 3627 tabula
927 3559 1181 3641 Calletiana,
1202 3582 1299 3648 quum

89 3663 173 3730 nihil
188 3664 273 3731 aliud
284 3663 327 3732 ait
349 3689 444 3754 quam
465 3669 576 3738 tabula
588 3671 820 3740 Gerdineriana
842 3673 949 3740 denuo
973 3673 1060 3761 typis
1084 3695 1241 3762 expressa
1264 3681 1299 3738 et

89 3775 126 3842 in
136 3777 392 3846 commodiorem
401 3781 535 3850 formam
547 3784 692 3866 redacta,
711 3785 922 3874 siexcaperis
935 3807 1007 3852 eam
1018 3783 1148 3850 tabulae
1160 3793 1299 3872 partem,

90 3909 189 3976 quern
200 3887 337 3962 Callet
358 3891 430 3979 ipse
443 3895 567 3964 addidit
582 3909 619 3965 et
640 3899 674 3980 in
697 3921 760 3986 qua
773 3897 956 3984 logarithmi
972 3897 1097 3962 sinuum
1112 3905 1148 3964 et
1161 3906 1301 3985 tangen-

89 4000 172 4068 tium
194 4001 329 4090 singulis
351 4005 483 4074 minutis
506 4011 658 4079 secundis
674 4011 777 4099 quinti
793 4011 909 4098 pedus
925 4009 1142 4078 continentur.
1187 4011 1224 4077 ln
1238 4012 1300 4079 hac

89 4113 179 4182 anim
199 4135 266 4184 una
286 4127 381 4205 perte
404 4119 475 4208 ejus
499 4121 652 4192 editionis
674 4147 770 4214 quam
791 4123 920 4212 inspexi
944 4122 1074 4212 (Traga
1092 4123 1189 4207 1821)
1211 4125 1300 4192 mille

88 4329 292 4344 Q

159 4477 188 4550 ⁵)
208 4482 282 4536 cont
299 4483 436 4535 Gourail
462 4485 645 4538 observationes
670 4487 700 4537 dc
715 4487 842 4542 Thasum
855 4489 1057 4556 branttmornm
1080 4490 1107 4540 ln
1124 4488 1188 4540 libro
1206 4485 1302 4550 ,taho-

89 4573 198 4628 ώιι
215 4575 365 4632 sam
383 4573 549 4628 umectus
567 4575 617 4630 No.
638 4571 714 4631 itt·

1080 4663 1098 4722 2
