3054 5048
229 205 279 266 ’10
531 234 534 242 «
743 205 942 262 murano

242 375 353 453 partes
375 367 634 454 proportionales
657 369 753 434 facile
777 391 819 439 ex
848 370 980 455 ingenio
1010 375 1246 456 computentur.
1299 362 1474 435 Uniuscu·

224 508 227 514 ¹
239 479 355 565 jusque
379 501 456 564 vero
486 481 688 546 differentiae
717 481 869 546 tabellam
897 482 932 546 in
962 481 1080 569 pagina
1108 481 1237 546 evoluta
1268 480 1350 546 libri
1376 481 1474 546 inve·

180 567 198 615 '¹
243 590 327 671 nies,
351 573 499 679 exceptis
523 594 684 660 nonnullis
708 595 861 700 gradpum
885 589 940 674 6⁰,
972 595 1028 672 7⁰,
1058 593 1112 673 8⁰,
1142 592 1198 658 ubi
1221 593 1376 680 spatium
1402 615 1474 660 non

243 702 482 790 suppeditabat,
507 705 547 771 de
571 727 702 790 quarum
726 707 969 792 computatione
992 705 1190 772 instituenda
1212 706 1302 770 infra
1320 705 1448 774 dicam.

332 813 486 881 Ceterum
508 839 578 882 rem
597 819 664 902 jam
689 818 741 883 diu
765 817 980 884 desideratam
1003 818 1053 883 his
1069 817 1333 884 differentiarum
1358 818 1473 885 tabel-

243 927 282 994 lis
305 949 357 993 me
381 928 584 1014 praestitisse
606 951 794 1016 persuasum
816 930 940 1011 habeo,
965 953 1061 1018 quum
1084 931 1144 995 alia
1165 929 1337 996 institutio
1364 931 1472 1017 parti·

242 1037 302 1105 bus
325 1041 621 1127 proportionalibus
643 1042 848 1108 inveniendis
869 1043 1060 1123 inserviens,
1085 1044 1263 1109 secundum
1281 1065 1388 1130 quam
1414 1052 1472 1108 aut

242 1152 304 1218 alia
326 1151 398 1218 libri
420 1155 538 1240 pagina
557 1156 743 1222 evolvenda
766 1166 828 1236 est,
853 1165 907 1221 aut
929 1155 1051 1222 tabella
1073 1158 1159 1222 inter
1174 1157 1350 1222 columnas
1375 1157 1470 1243 ipsas

241 1265 350 1352 posita
373 1287 438 1331 non
463 1267 503 1332 ad
527 1277 649 1334 certam
672 1268 888 1336 differentiam
912 1269 973 1334 sed
996 1271 1037 1334 ad
1052 1265 1207 1356 majorem
1221 1269 1278 1335 vel
1295 1267 1469 1335 minorem

241 1375 371 1443 tabulae
394 1389 520 1464 partem
542 1381 695 1466 pertinet,
720 1381 798 1447 satis
822 1382 941 1448 idonea
962 1382 1073 1448 haberi
1095 1391 1246 1468 nequeat.
1299 1381 1365 1446 Sin
1386 1403 1469 1468 sap-

241 1499 311 1555 tem
332 1500 480 1557 notarum
503 1493 706 1560 decimalium
727 1495 909 1582 logarithmi
938 1496 972 1561 in
1001 1495 1127 1562 calculo
1157 1492 1341 1584 adhibendi
1374 1505 1466 1573 sunt,

242 1625 387 1690 quorum·
405 1603 439 1668 in
467 1605 586 1672 tabulis
616 1607 754 1694 spatium
782 1631 847 1674 non
878 1605 1065 1696 suppeditat
1094 1607 1287 1673 differentiis
1320 1587 1468 1694 propter

241 1737 408 1781 numerum
431 1739 540 1782 earum
563 1719 673 1786 decies
697 1730 788 1786 tanto
811 1723 975 1810 majorem,
1000 1743 1093 1809 quam
1109 1707 1245 1818 quantus
1270 1729 1329 1785 est
1353 1719 1390 1784 in
1415 1719 1466 1785 lo·

242 1829 406 1914 garithmis
429 1853 489 1898 sex
511 1831 724 1912 decimalium,
749 1834 871 1921 optime
901 1832 1092 1900 adhibentur
1114 1827 1243 1900 tabidae
1271 1831 1466 1898 Crellia·

241 1944 346 2024 nael)
354 1943 407 2008 vel
418 1943 546 2010 tabulae
557 1946 694 2031 partium
706 1947 1003 2033 proportionalium,
1016 1968 1094 2032 quas
1107 1946 1147 2010 ad
1160 1967 1232 2010 eum
1243 1944 1357 2031 ipsum
1367 1965 1465 2010 usum

243 2054 331 2121 edidi
339 2056 396 2138 l⁴²).
441 2056 562 2123 Harum
584 2057 763 2124 tabularum
787 2059 874 2124 enim
897 2082 961 2146 ope
984 2081 1058 2145 pars
1081 2057 1337 2144 proportionalis
1361 2057 1464 2122 facile

243 2167 416 2248 invenitur,
441 2191 535 2254 quam
558 2171 612 2256 qui
636 2193 678 2235 ex
701 2171 832 2256 ingenio
856 2171 1038 2237 addiderint
1053 2170 1094 2234 ad
1116 2170 1347 2256 logorithmum
1365 2171 1463 2235 tabu·

242 2281 305 2362 lae,
328 2281 552 2368 logarithmum
577 2283 756 2370 quaesitum
779 2283 946 2350 habebunt
976 2305 1082 2371 neque
1106 2305 1188 2370 opus
1211 2283 1274 2348 erit
1297 2283 1461 2370 peculiari

243 2394 368 2460 calculo
391 2391 424 2459 in
447 2395 558 2460 charta
579 2395 790 2463 instituendo.
1218 2393 1219 2400 '

334 2507 432 2574 Quod
454 2508 580 2573 adtinet
601 2509 642 2574 ad
664 2509 808 2574 ultimam
830 2510 851 2575 i.
865 2533 894 2575 e.
919 2519 1045 2576 sermm
1060 2507 1326 2594 logarithmorum
1343 2519 1460 2576 notam

243 2615 447 2698 decimalem,
471 2621 583 2706 regula
606 2631 734 2687 servata
757 2632 825 2702 est,
856 2644 898 2686 ne
922 2621 1034 2688 vitium
1057 2619 1221 2686 dimidium
1242 2620 1383 2689 unitatis
1407 2643 1461 2686 as·

244 2741 405 2819 sequatur.
453 2731 560 2800 Quem
594 2733 761 2800 adfinem
789 2735 973 2800 thesaurum
1000 2733 1260 2818 lugarithmorum
1292 2755 1312 2796 a
1341 2733 1461 2818 Vaga

245 2843 368 2910 editum
388 2845 571 2930 comparavi
594 2856 629 2910 et
643 2867 763 2912 novem
784 2845 994 2932 logarithmos
1009 2843 1130 2924 inveni,
1153 2842 1318 2929 inquibus
1336 2843 1461 2909 decem

242 2967 389 3025 notarum
414 2955 613 3022 decimalium
638 2959 770 3024 ultimae
794 2969 886 3024 erant
910 2956 1014 3035 5000,
1045 2957 1090 3021 ita
1111 2966 1148 3022 ut
1173 2964 1267 3022 sexta
1288 2965 1373 3022 nota
1398 2956 1459 3020 du·

242 3067 297 3134 bia
320 3069 564 3154 relinqueretur.
610 3070 790 3156 Propterea
817 3061 1078 3156 logarithmomm
1106 3091 1170 3154 ope
1198 3067 1239 3132 ad
1261 3068 1458 3134 vicesimam
1487 3138 1488 3142 ,

241 3203 344 3269 usque
373 3191 483 3247 notam
514 3181 704 3248 decimalem
733 3192 989 3271 computatorum
1016 3183 1077 3249 hos
1107 3175 1316 3266 logarithmos
1347 3201 1456 3266 usque

243 3295 283 3360 ad
311 3295 454 3380 quintam
482 3294 640 3360 decimam
669 3305 780 3362 notam
811 3305 959 3364 accurate
990 3294 1086 3381 exegi
1117 3304 1151 3361 et
1181 3293 1361 3360 secundum
1395 3313 1455 3358 eos

243 3417 368 3474 sextam
393 3417 503 3472 notam
527 3407 646 3472 notavi.
691 3408 765 3474 Pari
788 3410 886 3476 modo
901 3407 1111 3494 logorithmos
1127 3407 1234 3474 denuo
1251 3404 1453 3491 computavi,

241 3519 276 3586 in
299 3517 414 3606 quibus
438 3519 555 3585 decem
577 3529 725 3586 notarum
747 3521 950 3588 decimalium
972 3521 1103 3585 ultimae
1120 3530 1211 3584 erant
1227 3517 1325 3604 4998,
1351 3515 1454 3596 4999,

243 3629 348 3711 5001,
373 3630 478 3712 5002,
507 3653 615 3719 neque
638 3641 747 3698 tamen
771 3634 883 3700 vitium
905 3642 1003 3698 notae
1028 3632 1173 3698 decimae
1196 3639 1363 3716 repertum
1389 3637 1452 3696 est.

241 3744 357 3832 Longe
381 3744 442 3810 alis
465 3738 683 3810 est'conditio
708 3746 778 3830 ejus
801 3746 901 3832 partis
917 3745 1069 3824 thesauri,
1092 3765 1174 3829 quae
1190 3740 1378 3808 functiones
1396 3741 1455 3806 tri·

243 3858 483 3944 gonometrioas
506 3855 670 3935 continet,
696 3866 730 3920 et
753 3856 786 3921 in
810 3879 872 3944 qua
890 3859 957 3944 jam
981 3855 1233 3922 differentiarum
1256 3875 1452 3941 progressus

242 3991 310 4037 non
333 3981 486 4036 constans
514 3969 592 4035 vitia
621 3969 831 4055 complurium
859 3971 1017 4036 unitatum
1046 3969 1176 4035 indicat.
1228 3965 1452 4035 Quamobrem

242 4105 286 4150 nc
316 4082 392 4168 quid
419 4082 552 4149 dubium
579 4083 814 4170 relinqueretur
844 4105 958 4150 omnes
987 4083 1170 4168 logarithmi
1206 4082 1299 4168 hujus
1335 4080 1451 4168 partis,

244 4218 378 4286 quorum
407 4204 589 4262 exstremae
612 4194 716 4284 :notae
746 4195 922 4264 decimales
958 4205 1050 4262 erant
1080 4193 1168 4267 4996
1197 4197 1251 4262 vel
1280 4193 1367 4264 5004
1396 4191 1452 4258 vel
1485 4247 1489 4260 .

244 4353 444 4370 ιι--“--’···“

315 4461 345 4529 l)
364 4465 539 4518 Raehentffln
557 4465 640 4518 Berlin
662 4467 739 4524 1820.

315 4553 358 4624 **)
377 4555 464 4607 'l'aleln
482 4556 526 4608 der
543 4556 787 4622 Pmportionslthelle
805 4557 889 4611 Berlin
907 4558 946 4609 bei
964 4559 1093 4609 Dimmlcr
1111 4549 1189 4611 1803.
