3054 5048
211 197 245 258 rt
581 208 597 247 s
686 197 906 269 'susurrum

212 356 457 428 continentibus
480 359 655 447 conspicue
677 358 805 425 reddita
827 366 890 438 est,
915 357 1033 424 ceteris
1049 345 1168 426 novem
1181 358 1277 424 lineis
1300 357 1345 424 ita
1367 357 1424 425 in·

211 473 390 560 terpositis,
412 481 449 538 ut
471 482 585 538 ternae
601 489 732 559 'semper
748 469 828 536 albis
845 470 1023 537 intervallis
1040 472 1257 557 sejungantur.
1304 471 1339 536 ln
1355 473 1422 538 hac

147 571 152 582 ⁸
211 585 365 652 linearum
389 583 627 665 distributione,
647 606 747 671 quum
771 593 958 668 argumenta
980 584 1012 647 in
1038 583 1167 649 sinistra
1189 593 1280 669 parte
1304 593 1424 650 ancta

211 691 232 758 0
255 717 357 782 usque
381 696 421 760 ad
444 695 488 762 50
511 707 545 764 et
567 698 602 762 in
624 687 780 762 dextra'a
803 701 881 762 nota
897 694 940 760 50
962 717 1064 781 usque
1089 695 1129 759 ad
1149 694 1211 762 100
1223 698 1420 784 procedant,

210 807 426 896 uuusquisque
450 809 578 875 modice
602 818 748 876 versatus
777 809 811 874 in
839 807 1038 893 lugarithmis
1069 807 1218 894 legendis
1248 810 1356 876 stetim
1378 809 1421 875 ii-

209 941 289 985 neas
313 922 492 1007 argumenti
516 923 657 988 numeris
685 921 735 1000 10,
761 920 814 1001 20,
839 920 893 1001 30,
918 921 961 987 40
992 932 1026 986 et
1048 921 1082 986 in
1106 921 1220 987 dextra
1241 933 1333 1009 parte
1357 945 1421 989 uu-

209 1032 307 1098 meris
340 1031 399 1113 60,
430 1034 488 1114 70,
519 1035 580 1115 80,
611 1035 654 1103 90
682 1033 923 1122 respondentes
954 1034 1109 1101 inveniet.
1154 1035 1281 1101 Novem
1309 1035 1420 1101 lineae

208 1145 482 1231 logurithrnorum,
509 1171 591 1235 quae
607 1148 818 1235 interpositae
835 1156 910 1212 sunt
932 1146 1006 1226 illis,
1030 1146 1149 1235 ubique
1173 1147 1207 1212 in
1223 1158 1290 1214 tres
1306 1157 1420 1235 partes

210 1258 333 1326 divisae
358 1269 442 1340 sunt,
467 1283 598 1348 quarum
620 1261 722 1348 prima
744 1267 966 1346 argumentum
985 1261 1014 1340 1,
1039 1261 1070 1341 2,
1095 1261 1127 1341 3,
1151 1261 1251 1326 altera
1270 1259 1302 1340 4,
1326 1264 1359 1342 5,
1384 1259 1418 1340 0,

210 1371 306 1438 tertia
331 1372 361 1453 7,
385 1373 418 1452 8,
443 1371 463 1439 9
486 1373 596 1440 habet.
641 1373 707 1440 eui
730 1371 991 1458 logarithmorum
1015 1373 1107 1454 ordo,
1144 1396 1240 1461 quum
1263 1373 1350 1438 idem
1373 1373 1419 1440 sit

174 1504 179 1513 “
211 1483 244 1547 in
268 1485 417 1550 omnibus
441 1485 577 1572 paginis,
602 1507 677 1550 mox
701 1484 802 1551 efficit
824 1484 966 1571 repetito
991 1485 1118 1551 tabulae
1141 1510 1218 1566 usu,
1248 1495 1284 1550 ut
1308 1486 1418 1552 statim

210 1595 296 1662 oculi
319 1596 350 1661 in
375 1620 542 1664 numerum
571 1598 749 1685 quaesitum
779 1596 922 1662 incidant
952 1599 993 1662 ad
1015 1597 1116 1663 instar
1137 1597 1293 1679 fidicinis,
1325 1599 1418 1684 cujus

165 1701 173 1714 ⁹
210 1708 302 1795 digiti
327 1718 448 1775 certam
472 1711 678 1777 clavichordii
701 1711 854 1777 chordam
878 1711 1052 1797 pulsant*).

297 1845 582 1912 lineamentorum
610 1871 629 1910 a
657 1847 780 1912 vertice
810 1847 850 1910 ad
874 1845 997 1912 calcem
1026 1845 1194 1912 ductorum
1225 1846 1418 1912 oeconomia

212 1957 305 2022 sicuti
329 1957 362 2022 in
386 1959 549 2046 plerisque
574 1959 692 2026 tabulis
715 1961 797 2024 haec
821 1971 888 2024 ests
912 1958 1103 2044 Argumenti
1119 1967 1269 2046 quattuor
1291 1959 1417 2046 priores

211 2080 310 2142 notae
334 2069 367 2134 in
392 2071 542 2136 columna
564 2073 665 2158 prima
688 2073 813 2158 positae
839 2083 873 2136 et
897 2071 1150 2136 differentiarum
1165 2069 1305 2135 tabellae
1329 2091 1417 2135 cras-

210 2181 255 2247 sis
279 2183 482 2248 lineamentis
514 2195 702 2270 segregatae
734 2195 809 2248 sunt
839 2195 873 2248 et
904 2183 1050 2269 ejusdem
1071 2181 1293 2248 erassitudinis
1316 2183 1417 2246 linea·

209 2305 353 2361 mentum
384 2297 515 2362 ductum
545 2305 596 2361 est
625 2298 709 2362 inter
737 2307 847 2362 notam
878 2295 897 2360 4
929 2295 1006 2362 ets
1038 2295 1226 2381 argumenti.
1271 2295 1418 2359 Alteram
1474 2283 1477 2288 ⁵

209 2431 287 2475 vero
319 2419 354 2474 et
382 2411 512 2476 tertiam
536 2411 716 2476 columnam
745 2409 924 2496 argumenti
954 2407 1070 2495 gradus
1102 2418 1135 2472 et
1165 2408 1286 2472 minuta
1314 2406 1418 2493 prima

210 2521 433 2588 continentem
464 2522 584 2588 addere
615 2544 888 2609 supervacaneum
923 2519 1109 2598 videbatur,
1145 2541 1241 2606 quum
1275 2519 1417 2585 tabularu
1504 2504 1512 2516 ’

210 2656 304 2720 quam
328 2635 596 2722 simplicissimam
621 2657 695 2701 esse
720 2635 914 2701 voluerimus
945 2621 1051 2721 neque
1081 2641 1339 2718 argumentorum
1362 2655 1418 2698 cu-

209 2745 352 2824 mulatio,
376 2769 456 2832 quae
481 2757 533 2812 est
555 2748 586 2810 in
610 2747 772 2812 nonnullis
795 2747 923 2826 tabulis,
946 2745 1018 2811 usui
1041 2745 1257 2808 levamentum
1274 2745 1333 2810 sed
1357 2744 1417 2808 im·
1477 2767 1483 2775 ·

210 2857 433 2944 pedimentum
457 2859 581 2925 afferat.
628 2857 781 2923 Ceterum
805 2859 832 2922 si
855 2857 925 2944 quis
949 2856 1110 2921 interdum
1125 2854 1175 2920 his
1193 2877 1320 2922 arcuum
1343 2879 1417 2943 par·

208 2969 295 3036 tibus
319 2993 433 3038 usurus
458 2981 525 3050 est,
557 2969 710 3036 adhibeat
737 2969 890 3036 tabellam
919 2968 1101 3035 reductioni
1124 2967 1357 3035 inservientem
1381 2978 1416 3036 et
1456 3027 1460 3036 .

209 3081 243 3148 in
267 3082 356 3148 calce
379 3082 515 3169 paginae
539 3083 687 3169 positam.

301 3217 398 3284 Quod
422 3219 537 3284 attinet
561 3222 600 3284 ad
623 3219 760 3306 partium
784 3219 1071 3306 proportionalium
1087 3217 1234 3298 tabellas,
1259 3217 1417 3284 atabula·
1458 3225 1467 3240 “

208 3353 288 3409 rum,
312 3354 390 3417 quas
413 3332 537 3397 revolvi
554 3342 681 3419 septem
697 3331 911 3412 decimalium,
935 3331 1169 3399 consuetudine
1184 3331 1340 3398 recedere
1356 3352 1415 3395 ne·

211 3444 384 3510 cessarium
407 3444 583 3510 videbatur.
629 3445 812 3532 Numquam
828 3446 913 3510 enim
935 3445 1196 3532 lugarithmorum
1212 3441 1415 3510 differentiae

211 3566 277 3621 tam
302 3567 491 3623 constantes
515 3567 600 3636 sunt,
624 3569 659 3622 ut
682 3556 802 3624 tabella
825 3569 915 3625 certo
938 3559 1013 3624 loco
1037 3557 1186 3645 apposita
1209 3555 1416 3640 quotiescun-

211 3691 272 3756 que
297 3669 374 3733 satis
399 3667 546 3747 sufficiat,
571 3670 676 3736 donec
701 3670 884 3737 differentia
905 3673 1003 3758 plena
1025 3671 1147 3735 unitate
1171 3676 1291 3732 mutata
1316 3666 1358 3730 sit
1381 3677 1416 3732 et

209 3802 295 3846 nuno
311 3779 432 3846 tabella
444 3781 589 3867 proxima
601 3781 806 3863 adhibeatur;
824 3784 882 3849 sed
895 3785 927 3849 in
940 3783 1137 3848 accuratiore
1150 3780 1273 3846 calculo
1286 3801 1417 3866 semper

213 3914 252 3957 ea
275 3891 395 3958 tabella
417 3893 515 3960 utaris
538 3915 676 3960 necesse
701 3906 753 3960 est
776 3919 856 3983 quae
880 3895 1052 3982 unicuique
1078 3893 1339 3980 lugarithmorum
1355 3891 1416 3957 dif-

282 4180 310 4248 11)
329 4181 379 4233 Res
398 4185 542 4236 minutiores
561 4189 673 4251 persequi
691 4187 776 4238 multis
794 4187 944 4250 videbimur,
967 4189 1010 4238 sed
1029 4189 1197 4254 unusquisque
1216 4190 1331 4251 expertus
1350 4183 1416 4234 deis·

211 4273 353 4336 tigstionem
372 4273 398 4322 iu
422 4273 515 4324 calculo
539 4276 673 4340 longinquo
701 4277 782 4326 minus
805 4291 835 4326 es
859 4277 933 4328 enimi
957 4279 1038 4328 isbose
1064 4277 1164 4328 assiduo
1182 4289 1255 4340 quem
1274 4289 1303 4324 es
1322 4275 1416 4324 incerto

209 4362 337 4411 oculorum
355 4361 445 4411 obtutu
463 4361 537 4412 modo
554 4363 602 4412 huc
619 4364 693 4414 modo
711 4365 769 4414 ulae
787 4352 905 4416 converso
923 4367 1058 4430 proficisci,
1075 4367 1140 4416 unde
1159 4377 1288 4414 nervorum
1307 4363 1417 4412 remissio

210 4452 303 4508 oritur,
322 4450 392 4500 nobis
410 4451 528 4500 nuntiet
544 4451 689 4501 levationem
708 4454 793 4504 eoem
812 4454 876 4504 haud
901 4455 1065 4518 spernendam
1083 4469 1152 4511 esse,
1176 4467 1224 4516 qne
1242 4453 1305 4515 perti
1330 4465 1416 4514 corpo·

212 4540 246 4589 ris
265 4540 455 4604 pretiosissimae
474 4553 547 4604 quam
565 4538 670 4591 numme
687 4543 807 4604 percitum
826 4545 865 4593 sit.
