3054 5048
209 195 228 258 8
713 195 911 252 suessano.

210 360 329 427 rendus
353 371 406 428 est
428 359 612 449 paginarum
635 362 715 427 ordo
739 357 880 446 aequalis
903 357 938 424 et
963 377 1158 442 congruens,
1181 354 1236 442 qui
1250 351 1358 432 faciat,
1383 357 1436 416 ut
1495 380 1504 386 ·

213 473 393 559 qemlibet
427 497 592 542 numerum
626 474 762 560 paginae
797 480 921 536 tantiam
950 492 1050 557 opera
1083 468 1279 553 investigare
1308 464 1435 553 possis

215 496 341 650 edimsi
366 595 585 672 argumentum
616 586 656 649 ad
684 587 790 651 locum
819 584 944 650 numeri
972 583 1201 648 inveniendum
1222 579 1433 666 neglexeris.

202 697 282 762 *Sed
302 699 368 784 jam
391 721 510 785 operae
534 698 673 785 pretium
697 697 777 776 erit,
801 719 988 784 quamquam
1011 697 1092 785 haec
1117 707 1151 761 et
1174 695 1235 760 alia
1256 693 1435 780 postulata

215 813 396 877 commodis
419 813 505 877 inter
527 835 563 876 se
587 822 735 877 accurate
758 809 929 897 perpensis
952 819 1116 896 praestare
1140 806 1329 884 studuimus,
1354 805 1434 872 sin-

218 925 292 1008 gula
322 947 402 1010 quae
434 925 537 989 secuti
568 946 676 989 sumus
700 945 886 989 enumerare
910 922 1083 1008 principia,
1114 944 1210 1006 quum
1239 920 1280 984 de
1310 919 1432 984 multis

216 1037 315 1101 etiam
338 1038 423 1101 inter
447 1059 516 1116 eos,
541 1037 595 1123 qui
614 1036 728 1122 judicii
750 1031 948 1122 potestatem
971 1034 1104 1112 habent,
1129 1033 1208 1098 nihil
1231 1039 1363 1096 constet
1387 1041 1434 1096 et

216 1171 258 1214 ex
282 1171 339 1214 suo
364 1169 523 1235 quemque
548 1148 653 1213 animo
678 1149 853 1234 dijudicare
877 1158 1039 1233 oporteat.

308 1259 447 1325 Primum
471 1261 511 1325 de
535 1283 668 1326 numero
681 1271 838 1330 ,notarum
863 1260 1064 1324 decimalium
1088 1243 1329 1324 decernendum
1353 1265 1434 1322 erat

215 1395 322 1457 neque
353 1373 406 1438 diu
435 1373 467 1437 in
498 1373 595 1438 dubio
628 1395 702 1437 esse
731 1381 861 1460 poterat
888 1372 1051 1456 judicium.
1096 1371 1180 1435 Nam
1214 1371 1248 1435 in
1277 1370 1431 1456 plurimis

206 1483 393 1550 'rationibus
417 1485 514 1549 etiam
538 1485 760 1550 astronomicis
785 1506 843 1549 sex
868 1471 964 1549 notae
989 1484 1163 1549 decimales
1187 1483 1366 1561 sufficiunt,
1389 1482 1430 1546 in

221 1597 343 1663 ceteris
366 1619 445 1662 vero
469 1598 617 1663 omnibus
642 1597 719 1662 satis
743 1617 903 1682 superque
927 1596 1067 1661 abundat
1083 1596 1232 1683 septima,
1255 1617 1351 1682 quum
1374 1617 1433 1660 ar-

207 1719 386 1796 gumenta,
417 1709 531 1796 quibus
562 1710 702 1775 calculus
725 1709 849 1786 nititru,
880 1709 1041 1796 nunquam
1070 1709 1228 1794 septimae
1258 1708 1432 1774 decimalis

221 1823 676 1908 subtilitatemmssequantur.
721 1821 832 1906 ltaque
854 1820 1004 1885 reluctati
1028 1843 1172 1886 essemus
1202 1820 1232 1884 ei
1256 1821 1342 1906 quod
1364 1843 1432 1886 no-

219 1933 270 1998 bis
293 1935 494 2021 propositum
516 1933 617 1999 luisse
643 1931 914 2018 supradiximus,
944 1945 979 1998 ut
1001 1933 1157 2019 temporis
1182 1932 1367 2018 compendii
1391 1943 1431 1998 et

219 2045 333 2112 calculi
343 2044 553 2131 simplicioris
576 2045 714 2109 maxime
737 2044 818 2110 ratio
835 2043 1023 2124 habetatum
1047 2045 1080 2108 id
1095 2045 1354 2130 neglexissemus
1376 2054 1431 2110 ta·

120 2177 124 2184 ·
222 2158 298 2223 bula
321 2157 531 2244 complurium
553 2180 648 2244 quam
671 2179 729 2222 sex
754 2156 956 2222 decimalium
986 2167 1182 2224 constructa.
1228 2158 1295 2224 Tot
1317 2167 1428 2223 autem

222 2269 427 2336 necessariae
453 2279 554 2348 erant,
579 2279 614 2334 ut
637 2269 744 2334 tabula
757 2269 853 2334 etiam
876 2269 908 2334 in
932 2269 971 2334 iis
986 2270 1164 2336 rationibus
1180 2265 1325 2335 adhiberi
1347 2290 1430 2355 pos-

223 2391 286 2462 set,
311 2403 393 2468 quae
417 2381 581 2468 hucusque
606 2392 735 2468 septem
758 2381 958 2448 decimalium
988 2404 1051 2469 ope
1083 2382 1261 2449 subductae
1292 2391 1367 2447 sunt
1390 2391 1430 2447 et

219 2495 252 2560 in
276 2494 391 2582 quibus
416 2517 473 2560 sex
489 2504 583 2560 notas
599 2493 773 2558 decimales
790 2495 928 2559 eandem
942 2494 1100 2580 praebere
1118 2494 1329 2560 subtilitatem
1351 2516 1429 2580 per·

212 2627 349 2674 suasum
380 2606 497 2672 habeo.
543 2582 643 2674 Poiro
673 2607 699 2670 si
722 2606 916 2692 perpendis,
946 2607 1104 2672 rationem
1136 2629 1195 2671 sex
1223 2606 1429 2672 decimalium

221 2720 255 2784 in
277 2718 386 2784 tabula
408 2717 495 2784 bene
519 2717 676 2802 disposita
699 2727 822 2782 tantum
845 2717 1007 2782 dimidiam
1029 2727 1154 2803 partem
1177 2728 1211 2782 et
1241 2727 1441 2794 sextantem,

223 2831 347 2896 auferre
372 2831 442 2914 ejus
466 2829 623 2915 temporis
647 2831 733 2916 quod
757 2830 899 2914 postulat
921 2830 1037 2895 eadem
1052 2830 1085 2895 in
1100 2829 1208 2894 tabula
1225 2838 1352 2915 septem
1368 2830 1430 2896 de-

222 2943 397 3020 cimalium,
423 2941 627 3020 consenties,
652 2941 793 3006 tabulam
825 2962 884 3004 sex
908 2941 1110 3006 decimalium
1134 2941 1294 3007 edendam
1316 2941 1430 3022 fuisse,

222 3076 265 3122 ne
289 3056 322 3122 in
347 3055 470 3119 calculo
501 3075 601 3138 opera
624 3063 659 3116 et
683 3053 768 3117 vires
791 3052 946 3118 inutiliter
969 3053 1154 3138 perdantur.
1200 3052 1273 3118 Jam
1296 3053 1428 3139 quidem

225 3167 333 3232 editae
357 3176 432 3231 sunt
454 3185 576 3252 paucae
601 3164 761 3250 ejusmodi
784 3147 923 3229 tabulae
936 3163 995 3230 sed
1019 3164 1096 3230 alias
1120 3164 1161 3229 ob
1184 3186 1297 3230 causas
1320 3165 1430 3231 multi-

222 3278 341 3366 plicem
363 3287 397 3342 et
421 3286 592 3343 extensum
615 3277 648 3368 in
670 3275 847 3341 rationibus
870 3298 962 3341 usum
985 3286 1206 3363 aspernantur.

313 3391 440 3455 Revera
468 3399 575 3454 autem
605 3411 662 3454 sex
694 3399 789 3454 notas
812 3389 987 3455 decimales
1011 3389 1198 3476 plerumque
1223 3389 1262 3452 ad
1287 3389 1428 3454 calculos

223 3503 456 3568 astronomicos
486 3501 647 3580 sufficere,
671 3501 727 3567 ubi
757 3503 790 3566 id
814 3501 934 3586 agitur,
966 3510 1001 3566 ut
1032 3524 1072 3566 ex
1104 3501 1247 3588 corporis
1272 3501 1427 3567 coelestis

224 3613 395 3679 elementis
412 3613 495 3678 datis
519 3614 666 3698 ejusdem
688 3615 778 3680 locus
802 3637 962 3700 apparens
985 3615 1037 3678 vel
1061 3615 1220 3680 contrario
1251 3636 1292 3679 ex
1316 3613 1428 3680 obser·

224 3736 300 3792 vato
322 3728 398 3791 loco
419 3726 581 3790 elementa
604 3724 822 3804 inveniantur,
848 3747 889 3790 ex
913 3748 953 3791 eo
977 3735 1087 3811 patet,
1117 3725 1203 3810 quod
1227 3725 1428 3810 tangentium

203 3859 287 3924 ope
312 3838 437 3903 etiamsi
462 3859 570 3903 earum
594 3836 797 3902 differentiae
822 3848 895 3902 sunt
918 3837 1068 3903 minimae
1091 3848 1201 3902 tamen
1220 3836 1353 3923 angulus
1375 3859 1428 3903 re·

222 3949 390 4036 spondens
410 3951 450 4014 ad
474 3959 617 4038 quartam
639 3972 741 4036 usque
764 3958 890 4036 partem
912 3949 1025 4016 minuti
1056 3949 1190 4014 secundi
1220 3958 1354 4014 exactus
1377 3971 1428 4014 re·

223 4061 382 4150 periatur,
406 4063 451 4127 ita
473 4072 509 4127 ut
532 4063 736 4129 statuendum
760 4063 820 4142 sit,
851 4061 883 4125 in
908 4061 1118 4147 ephemeride
1142 4084 1201 4127 sex
1225 4060 1428 4127 decimalium

222 4173 329 4241 locum
353 4185 572 4260 computatum
593 4196 665 4240 raro
688 4184 811 4240 tantum
836 4174 966 4240 dimidia
994 4173 1107 4238 minuti
1137 4173 1271 4241 secundi
1293 4183 1386 4260 parte
1409 4196 1428 4238 a

221 4308 301 4353 vero
325 4286 472 4364 differre,
504 4307 598 4372 quum
622 4285 708 4368 vitia,
734 4309 814 4374 quae
838 4297 916 4354 nota
939 4286 1086 4352 decimali
1116 4287 1254 4373 septima
1275 4274 1429 4372 'neglecta

222 4409 407 4478 nascuntur,
431 4399 568 4464 maxime
582 4398 643 4463 alia
665 4401 734 4466 aliis
757 4409 1019 4488 compensentur.
1066 4398 1323 4465 Observationes
1347 4421 1424 4464 vero

223 4513 313 4602 ipsae
338 4534 410 4580 cum
434 4512 549 4580 eadem
573 4511 782 4598 ephemeride
807 4513 1052 4601 comparandae,
1077 4511 1220 4598 quamvis
1235 4512 1357 4598 optima
1379 4512 1426 4578 ia·
