3054 5048
188 1084 243 1174 llE
272 1081 544 1200 ERRORIBUS,
576 1083 738 1194 QUIBUS
771 1080 1138 1180 COMPUTthONES

303 1229 678 1327 LOGARITHMICAE
710 1231 1017 1326 lulofflltlut

619 1443 645 1523 ς.
675 1441 705 1505 1.

156 1549 257 1629 Quum
279 1553 453 1636 cujuslibet
469 1553 666 1638 -logarithmi
688 1552 780 1618 valor
807 1573 903 1616 verus
926 1559 959 1614 et
980 1553 1108 1636 integer
1128 1551 1271 1639 plerum·

84 1681 143 1743 qus·
159 1662 196 1724 sit
220 1685 374 1729 numerus
404 1665 613 1742 irrationalis,
639 1666 695 1751 qui
725 1664 870 1729 exhiberi
896 1673 1037 1750 nequeat
1061 1664 1125 1729 nisi
1146 1665 1272 1733 infinito

82 1783 207 1838 notarum
228 1773 434 1840 decimalium
457 1777 555 1854 serie,
586 1779 619 1842 in
650 1775 768 1842 tabulis
791 1797 869 1841 vero
891 1775 1124 1860 legaritbmicis
1145 1779 1270 1864 priores

84 1893 185 1948 tantum
205 1897 298 1952 notae
321 1888 494 1953 decimales
517 1889 737 1965 inveniantur,
765 1889 883 1973 quibus
905 1909 964 1975 pro
987 1909 1066 1952 vero
1089 1897 1122 1952 et
1142 1888 1271 1976 integro

84 1994 128 2060 illo
146 1997 320 2082 legarithmi
344 2001 452 2064 valore
475 2003 508 2064 in
533 2001 826 2088 computationibus
850 2001 977 2074 utimur,
1000 2011 1134 2086 apparet
1154 1981 1271 2080 omnia,

86 2129 151 2190 quse
169 2109 430 2196 logurithmorum
452 2135 514 2200 ope
530 2123 764 2198 computantur,
787 2133 895 2177 errore
918 2111 970 2174 vel
993 2113 1112 2196 majore
1135 2113 1189 2176 vel
1210 2115 1271 2179 mi·

87 2241 148 2284 nore
167 2222 318 2288 laborare.
365 2224 433 2288 Sed
461 2225 616 2309 quamdiu
639 2247 697 2289 nos
722 2247 786 2289 non
808 2225 914 2311 piguit
934 2223 1043 2309 plures
1066 2233 1157 2290 notas
1181 2225 1272 2292 deci·

88 2333 165 2398 mules
185 2335 216 2398 in
238 2337 476 2423 computatione
499 2335 672 2413 adbibere,
700 2360 796 2421 quam
825 2345 904 2422 quot
926 2337 1173 2421 eomputationis
1196 2337 1271 2406 date

89 2465 133 2529 pro
152 2447 317 2513 subtilitate
340 2472 399 2514 sua
421 2461 567 2536 poscunt,
592 2451 645 2514 bic
667 2472 757 2514 error
779 2447 1013 2534 elogarithmis
1036 2469 1151 2534 perum
1173 2471 1270 2515 aceu-

90 2558 149 2621 ratis
167 2562 367 2645 proficiscens
390 2563 449 2648 prd
473 2561 573 2626 nihilo
598 2563 766 2626 habendus
790 2570 854 2636 est,
883 2561 910 2624 si
939 2581 1012 2622 oum
1042 2580 1082 2624 eo
1105 2581 1271 2650 corripere·

91 2677 136 2744 tur,
154 2673 203 2755 qui
224 2695 242 2736 e
264 2673 347 2738 datis
370 2695 485 2760 perum
508 2675 664 2738 accuratis
688 2673 844 2758 originem
866 2671 964 2735 ducit.
1001 2670 1272 2760 Quandoounque

91 2801 150 2844 vero
168 2786 360 2870 propositum
383 2793 445 2860 est,
473 2795 508 2848 ut
539 2809 596 2849 eae
625 2795 745 2848 tantum
768 2793 863 2848 notae
886 2781 1059 2848 decimales
1081 2784 1115 2846 in
1137 2775 1293 2875 ‹tempu-¹»¹

93 2893 186 2958 latione
199 2895 420 2974 adhibeantur,
444 2920 527 2982 quae
544 2887 603 2984 pro
620 2897 766 2962 datorum
782 2894 958 2960 subtilitate
973 2916 1106 2982 prorsus
1121 2919 1271 2966 necemu-

94 3003 143 3068 rlue
165 3008 235 3084 sint,
263 3031 303 3072 ne
327 3030 428 3095 opera
449 2996 604 3074 inutiliter
625 3009 791 3096 perdatur,
819 3019 885 3072 tum
914 3009 947 3072 in
970 3008 1042 3074 loeo
1066 3010 1139 3087 erit,
1165 3012 1272 3098 prius·

95 3133 168 3196 quam
193 3123 385 3208 computatio
413 3122 610 3196 instituatur,
645 3143 789 3186 errorum
818 3121 974 3185 rationem
1002 3119 1138 3198 habere,
1167 3123 1223 3208 qui
1252 3146 1273 3188 a

97 3229 158 3290 notis
177 3229 381 3298 decimalibus
405 3233 531 3298 omissis
554 3232 714 3318 proficisci
736 3233 870 3318 possint,
892 3242 988 3316 atque
1011 3231 1054 3296 de
1075 3232 1125 3298 bis
1148 3232 1273 3320 disqui-

97 3335 158 3414 tllh,
177 3363 265 3426 quam
288 3345 373 3410 insra
395 3344 474 3426 dere
497 3345 696 3422 conabimur,
719 3367 796 3408 num
813 3346 834 3409 5
850 3343 902 3408 vel
918 3348 939 3409 6
955 3345 1007 3408 vel
1024 3349 1042 3410 7
1066 3355 1162 3412 nolae
1185 3346 1273 3412 deei-

97 3451 171 3517 mules
192 3456 222 3518 iu
243 3458 479 3544 computatione
502 3455 705 3522 adhibendae
728 3458 791 3521 sint
813 3456 950 3522 docebit.

627 3636 652 3714 s.
678 3638 709 3697 2.

162 3739 294 3810 Primum
329 3765 452 3822 sumas,
491 3747 634 3810 omnium
668 3744 932 3834 legarithmorum
968 3747 1002 3808 in
1036 3741 1274 3828 computatione

94 3847 282 3921 edlibitcmm
310 3880 436 3922 errores
468 3867 499 3920 et
529 3855 659 3940 quidem
682 3866 812 3922 exactos
835 3879 946 3923 eorum
968 3855 1095 3920 valeres
1118 3861 1275 3919 consino.

93 3957 159 4028 tum
177 3968 286 4032 ersus
310 3967 532 4033 differentius
561 3991 624 4056 ope
646 3969 740 4034 seire
759 3936 867 4034 sxhs
890 3988 1034 4032 summas
1055 3963 1161 4030 sums
1184 3987 1276 4032 error

92 4071 206 4144 derivari
227 4091 347 4168 potest3
366 4083 407 4170 in
434 4103 499 4166 quo
528 4081 605 4146 satis
633 4091 681 4146 est
701 4083 810 4168 priora
832 4078 1059 4144 differentialis
1079 4077 1278 4156 adhibuisse,

91 4205 168 4270 quum
189 4215 315 4258 errores
341 4217 419 4280 pree
446 4192 711 4278 legaritbmorum
734 4193 899 4259 caloribus
922 4193 1043 4258 exactis
1065 4191 1193 4260 valeres
1214 4192 1278 4258 mi·

89 4301 149 4367 nimi
168 4305 278 4372 baberi
301 4307 436 4392 possint,
458 4326 595 4390 quorum
617 4305 790 4391 dignitates
804 4307 987 4392 superiores
1003 4305 1122 4372 nullius
1137 4305 1171 4370 in
1187 4325 1278 4371 eom·

87 4417 230 4497 putatione
252 4427 329 4484 sunt
351 4417 512 4484 momenti.
558 4416 779 4503 Aequatioues
801 4417 836 4482 in
858 4441 899 4483 ea
920 4419 1157 4507 computatione
1179 4415 1277 4482 besee

87 4525 237 4597 stlitem
881 4526 885 4534 ’

1061 4641 1080 4694 d
