3054 5048
552 205 799 266 mmo·
1241 205 1279 270 fl

97 375 198 452 nrm
214 373 356 444 mos
376 327 536 442 merum
557 381 627 452 sn,
651 371 680 438 e
700 370 868 442 meon·
890 317 1049 459 genum
1069 368 1280 459 rognum

95 495 273 686 ἫΙ.
285 603 319 669 5.
342 577 1281 687 Ing⁰,08513220qunirestlogssct32-1031000000

94 709 287 795 :apamea
303 749 344 768 -
361 711 382 780 6
395 739 440 774 =
450 709 613 796 0930093
625 745 670 760 ·-
681 711 702 780 2
715 707 934 792 =·8,930093
948 745 987 760 ·-
1004 709 1056 790 10,
1073 711 1199 776 ethaeo
1211 709 1282 798 qui·

94 824 154 892 dcm
172 825 356 910 lugarithmi
377 826 493 905 forma,
514 827 549 890 in
571 845 635 913 qua
650 821 886 892 subtrahendus
902 833 955 890 est
971 823 1024 902 10,
1047 831 1101 890 est
1115 823 1282 910 aptissima

93 947 122 1004 st
137 939 266 1004 maxime
288 939 421 1010 usitata.

163 1051 213 1116 Ex
233 1051 287 1118 his
310 1053 454 1140 quinque
477 1049 636 1140 exemplis
658 1048 794 1139 primum
817 1059 968 1138 apparet,
989 1071 1107 1118 omnes
1128 1069 1281 1120 numeros

93 1173 122 1228 et
138 1163 309 1230 fractiones
334 1163 511 1230 decimales
533 1163 580 1230 ita
594 1163 710 1246 mutari
723 1185 836 1250 posse,
858 1171 896 1232 ut
912 1162 1038 1230 numeri
1061 1163 1127 1232 sint
1141 1162 1281 1252 quinque

93 1285 239 1357 interum,
269 1298 407 1365 quorum
434 1275 618 1364 logarithmi
645 1275 773 1343 tabulae
802 1297 867 1364 ope
901 1275 1125 1355 invenientem
1161 1274 1281 1344 deinde

93 1388 261 1454 mandmam
284 1388 426 1456 eandem
455 1389 590 1469 serrari,
619 1409 844 1477 quemcunque
872 1389 981 1454 locum
1007 1387 1128 1454 habeat
1156 1410 1283 1456 comma

94 1501 288 1568 irttcrcedens
312 1501 400 1568 inter
421 1523 591 1570 numerum
612 1502 774 1590 integrum
797 1511 833 1568 et
853 1501 1045 1568 fractionem
1074 1501 1282 1584 decimalem

94 1611 216 1700 deniqne
239 1615 534 1682 characteristicum
557 1615 746 1704 dependere
762 1637 781 1682 a
796 1613 891 1702 copia
903 1623 1053 1681 notarum
1067 1613 1107 1680 ad
1122 1614 1283 1684 rinismn

93 1727 243 1794 commatis
273 1729 454 1817 positarum
484 1739 539 1796 eut
565 1728 600 1794 in
622 1728 835 1796 motionibus
857 1725 1005 1814 genuinis
1033 1727 1169 1816 acopis
1189 1737 1284 1796 nom·

93 1857 151 1916 rom
170 1839 201 1921 0,
224 1862 309 1927 qnae
331 1842 367 1907 in
388 1843 548 1910 flactione
573 1843 722 1910 decimali
745 1843 820 1908 dota
841 1864 860 1908 e
884 1840 1013 1908 sinistra
1033 1840 1193 1928 leguntur.

168 1951 276 2020 Quum
298 1954 503 2042 propositum
526 1955 585 2036 sit,
614 1965 651 2022 ut
673 1954 857 2043 logarithmi
879 1953 946 2020 dati
967 1975 1116 2022 numerus
1138 1953 1284 2022 invenia-

95 2069 145 2142 tur,
164 2063 301 2151 primum
324 2089 459 2154 quaeras
488 2067 522 2134 in
549 2067 660 2136 tabula
687 2067 914 2154 logorithmum
940 2066 1087 2154 proxime
1114 2067 1283 2154 minorem,

94 2183 152 2240 turn
172 2178 313 2246 eundem
336 2178 504 2248 subtrahes
528 2205 547 2248 a
568 2181 760 2268 logarithmo
783 2181 871 2260 dato,
894 2179 1034 2268 denique
1049 2179 1212 2248 residuum
1234 2181 1284 2248 in·

95 2297 212 2355 rantum
233 2290 391 2358 adhibeas
419 2293 461 2358 ad
489 2303 600 2360 notam
630 2303 755 2360 sextam
784 2303 819 2360 et
848 2295 1018 2382 septimam
1045 2293 1171 2359 numeri
1192 2293 1285 2363 inve·

94 2398 230 2468 niendum
258 2404 514 2472 differentiarum
540 2405 681 2474 tabellae
710 2407 876 2492 cujusdam
902 2429 967 2494 cpe
991 2405 1179 2492 etquidem
1201 2406 1283 2492 ejus,

96 2514 175 2598 cujus
196 2517 382 2584 differentia
403 2519 532 2604 integre
553 2519 744 2604 logarithmo
768 2519 844 2586 dato
868 2517 1033 2586 convenit.

170 2627 285 2716 Expl.
309 2629 341 2700 6.
387 2629 570 2697 Quaeratur
591 2631 784 2718 logarithmo
808 2629 971 2714 attactu
994 2629 1198 2719 respondens
1225 2651 1285 2698 nu·

95 2755 199 2806 nems.

171 2851 314 2920 Tabulae
330 2875 395 2941 ope
410 2852 559 2921 invenies
572 2853 798 2942 lugarithmum
811 2852 959 2942 proxime
970 2853 1129 2921 minorem
1143 2853 1284 2938 165230,

96 2961 139 3027 mi
157 2965 337 3052 respondet
350 2987 502 3035 nomenis
519 2965 639 3036 15319.
683 2965 760 3036 Hoc
772 2965 964 3052 lugarithmo
979 2965 1146 3036 subtracto
1162 2989 1183 3034 a
1196 2967 1285 3048 dato,

96 3073 244 3142 residuum
264 3075 405 3144 habebis
431 3075 491 3158 19,
522 3077 705 3145 differentia
732 3087 841 3144 autem
863 3079 988 3166 integra
1015 3079 1083 3148 dati
1105 3080 1286 3166 lugarithmi

96 3183 160 3253 locu
187 3189 386 3256 conveniens
417 3199 470 3256 est
499 3189 552 3258 29.
599 3190 755 3257 'fabellae
783 3190 833 3256 hir
859 3191 946 3257 notis
973 3187 1016 3262 29
1047 3191 1193 3280 signatae
1219 3215 1286 3280 opa

95 3309 194 3366 rrum
229 3301 380 3368 invenies
420 3301 459 3381 6,
499 3303 583 3391 parti
623 3303 857 3392 proportionali
900 3304 976 3388 17,AE
1017 3305 1285 3391 respondentem.

94 3403 169 3476 ’tum
199 3413 317 3480 iterum
350 3413 506 3482 adhriteas
540 3415 678 3482 eundem
711 3415 864 3482 tabellam
900 3423 1035 3503 propter
1071 3417 1288 3509 differentiam

98 3519 405 3610 tt-tr,4=t,t‚
436 3549 517 3614 quae
539 3549 601 3615 per·
626 3526 667 3596 10
689 3527 929 3615 multiplicanda
952 3537 1022 3610 est,
1054 3539 1091 3596 ut
1112 3515 1287 3617 inpartern

95 3637 358 3722 proportionalem
385 3636 426 3708 16
449 3647 606 3718 mutetur,
637 3639 689 3705 cui
717 3639 896 3727 respondet
923 3649 1003 3708 note
1026 3639 1056 3708 6.
1101 3641 1213 3728 ltaque
1235 3641 1287 3708 his

96 3746 172 3830 notio
194 3745 236 3814 60
259 3749 431 3837 adscriptis
453 3749 494 3815 ad
509 3771 675 3818 numerum
690 3749 820 3818 tabulae
840 3751 947 3820 15319
967 3750 1104 3818 hebebis
1123 3749 1286 3835 1531960,

97 3863 136 3936 tt,
155 3881 248 3946 quum
271 3861 532 3930 characteristica
554 3863 598 3930 sit
619 3863 652 3942 2,
675 3885 828 3932 numerus
851 3864 1016 3952 quaesitos
1039 3863 1102 3930 erit
1116 3862 1287 3947 t53,1966.

176 3973 289 4040 Tutela
311 3973 357 4039 ΙΙ.
382 3975 529 4042 continet
556 3974 757 4042 montionem
779 3973 1113 4061 trigonometricarum
1134 3975 1289 4065 lugarith·

96 4099 159 4149 nos
179 4093 214 4150 et
234 4085 367 4172 quidem
388 4107 463 4174 pars
486 4086 527 4152 sd
550 4087 665 4173 gradus
688 4085 726 4156 0·
740 4121 777 4136 -
792 4085 852 4156 90·
870 4085 1040 4174 pertinens
1062 4091 1289 4178 complectitur

95 4190 293 4280 lognittrmos
304 4197 442 4279 donum,
466 4197 643 4280 coainuum,
665 4197 877 4287 tangentium,
900 4203 1213 4290 cotangentiumpro
1228 4203 1289 4270 mi-

96 4315 233 4374 notorum
254 4307 471 4378 merodorum
493 4309 688 4392 decadibus,
716 4333 792 4400 pars
815 4311 856 4380 ad
880 4313 997 4400 gradm
1019 4313 1162 4384 00-5·
1189 4315 1289 4403 perti·

95 4435 169 4512 pmr
189 4420 399 4510 lugaritlrmos
422 4421 547 4494 sinuum
567 4433 607 4504 et
627 4423 829 4511 tangentium
850 4447 911 4514 pro
932 4426 1066 4514 singulis
1080 4425 1212 4494 minutis
1234 4449 1288 4496 sa·

96 4530 210 4604 mdis·
251 4533 359 4627 Hujus
381 4533 512 4604 ubrtaa
530 4535 717 4630 logctithmi
737 4547 868 4628 praem
889 4559 950 4610 cca
964 4537 1166 4628 ungendum
1179 4539 1289 4632 auguli
