3054 5048
562 233 761 292 mmm.
1227 234 1264 303 ib

82 397 211 484 isquod
226 405 279 464 est
301 411 459 466 numerus
481 397 640 485 positivus
663 406 699 464 et
719 397 824 463 mmor
847 417 943 484 quam
965 396 1081 480 unitas,
1106 397 1264 488 sequitur:
1317 415 1325 430 ¹

414 527 442 598 Γ
451 569 496 584 --
508 528 556 600 2!
565 533 608 622 -l-
623 537 688 598 l:
699 573 744 586 --
759 533 772 599 l
788 569 833 582 -
846 535 864 597 d

81 645 123 710 rel
405 639 830 734 2t=1†r÷(t'†q.

79 781 173 860 Unde,
203 781 230 846 si
258 779 392 848 valores
416 785 563 850 lomnes
592 779 734 849 minores
765 789 840 848 sunt
869 803 963 868 quam
1000 785 1052 860 Ἀ,
1082 790 1117 845 et
1145 803 1267 847 summa

80 884 253 977 l'†l<·l
282 893 340 958 vel
363 891 502 1005 positiva
523 893 577 960 rel
598 895 759 981 negativa,
782 903 877 985 patet
899 887 920 958 l
940 904 1030 960 oerte
1055 915 1129 958 esse
1152 894 1268 980 positi-

79 1027 147 1070 sum.
193 1005 425 1091 Logaritbmus
460 1007 557 1093 igitur
583 1007 711 1074 tabulae
734 1002 771 1072 L'
792 1005 898 1073 minor
928 1015 980 1072 est
1009 1027 1104 1093 quam
1134 1015 1267 1072 exactus

29 1107 31 1116 ’
80 1115 204 1203 ejusdem
225 1119 331 1185 valor.
1252 1121 1257 1128 “

150 1247 247 1314 Simul
272 1272 317 1314 ex
339 1248 400 1316 heo
424 1249 616 1336 aequatione
638 1259 743 1337 patet,
768 1249 795 1316 si
818 1251 953 1336 dmajor
976 1259 1027 1314 est
1042 1271 1136 1336 quam
1150 1250 1266 1331 unitas,

79 1384 168 1428 usum
188 1363 395 1448 propositum
418 1362 563 1428 incidere
586 1385 652 1428 non
676 1385 785 1450 posse,
810 1385 905 1466 quum
929 1359 1007 1426 alias
1029 1363 1119 1429 valor
1134 1357 1155 1426 ἴ
1166 1363 1268 1449 major

78 1475 176 1540 emdst
196 1495 294 1562 quam
326 1473 375 1554 ½‚¹
396 1475 430 1538 id
453 1475 540 1561 quod
564 1483 616 1540 est
639 1486 752 1558 contra
776 1475 1003 1576 sumptiqnem.

149 1603 215 1670 Hae
246 1613 283 1670 et
314 1604 395 1669 aliae
426 1605 586 1689 ejusmodi
621 1603 878 1690 disquisitiones,
915 1603 1029 1692 quibus
1063 1601 1267 1691 perspicitur,

79 1725 166 1782 utrum
187 1726 338 1784 extrema
359 1717 541 1802 logarithmi
563 1727 642 1784 nota
663 1717 788 1782 unitate
811 1725 905 1782 aucta
928 1717 971 1782 sit
998 1739 1060 1782 neo
1089 1740 1132 1782 ne
1139 1764 1149 1796 ‚
1180 1739 1269 1783 oom-

78 1829 159 1894 mode
180 1829 328 1896 adhiberi
350 1840 489 1915 possunt
511 1832 545 1896 in
569 1829 795 1896 abbreviandis
818 1829 1028 1916 logarithmis,
1052 1853 1186 1917 quorum
1209 1845 1277 1896 ex-'

79 1951 164 2011 bema
183 1949 265 2018 uota
286 1951 342 2008 est
365 1941 402 2021 5,
432 1965 528 2029 quum
551 1943 791 2028 subsequentes
819 1953 914 2008 notas
937 1942 1112 2010 decimales
1136 1967 1269 2032 eompu-

79 2054 129 2120 uri
145 2077 208 2122 non
230 2077 318 2142 opus
340 2054 394 2120 sit.

151 2189 356 2256 Postremum
377 2189 452 2256 huio
474 2187 603 2254 tabulae
627 2189 715 2276 typis
737 2189 920 2277 descriptae
943 2191 1136 2276 patrocinari
1158 2189 1267 2272 liceat,

82 2321 161 2386 quum
174 2303 353 2388 pleraeque
375 2301 505 2367 tabulae
528 2301 731 2368 recentiores
755 2302 951 2390 stereotypis
974 2303 1202 2390 imprimantur.
1225 2304 1269 2368 Et

81 2411 132 2478 boo
152 2415 281 2500 quridem
300 2415 373 2499 jure
395 2411 465 2478 lieri
489 2414 585 2492 solet,
609 2415 682 2500 quie
706 2413 782 2478 vitia
802 2425 932 2500 reperta
954 2415 987 2480 in
1004 2415 1200 2502 stereotypis
1222 2417 1270 2480 fa·

82 2525 183 2592 tillime
206 2527 410 2610 oorrigrmtur
432 2548 540 2612 neque
569 2525 638 2591 fieri
661 2535 783 2612 potest,
806 2537 842 2592 ut
864 2527 898 2592 in
920 2526 1154 2614 posterioribus
1176 2525 1270 2591 tabu-

83 2637 123 2702 lae
142 2638 338 2707 editionibus
362 2638 423 2702 alia
444 2659 530 2704 nova
551 2637 718 2704 secedant.
765 2639 824 2704 sin
846 2640 956 2705 tabula
977 2638 1160 2726 vulgaribus
1182 2638 1269 2725 typis

84 2751 273 2833 describitur,
298 2773 370 2817 eam
394 2750 598 2816 emendatam
620 2751 703 2816 tueri
725 2774 792 2817 non
815 2773 1003 2839 possumus,
1036 2765 1071 2820 et
1100 2775 1198 2840 saepe
1221 2751 1269 2831 fit,

84 2863 258 2942 utetiamsi
281 2863 430 2950 plagulae
454 2861 590 2950 primum
619 2863 796 2950 impressae
828 2865 976 2930 omnibus
1007 2865 1093 2931 vitiis
1115 2875 1270 2953 purgatae

84 2987 153 3054 suut,
175 2978 207 3042 in
229 2976 446 3064 imprimendo
467 2998 552 3041 nova
573 2976 715 3062 irrepant
735 2977 823 3044 vitia
868 2977 979 3044 Nihilo
1003 2979 1110 3044 seoius
1130 2979 1273 3044 tabulam

84 3088 250 3174 vulgaribus
273 3087 361 3176 typis
383 3087 571 3175 impressam
594 3089 865 3176 praeoptavimus,
890 3092 1010 3178 quippe
1027 3114 1109 3178 quae
1125 3101 1272 3179 potesta-

84 3209 138 3264 tem
157 3202 254 3268 beist
284 3202 405 3267 formae
434 3201 468 3266 in
498 3201 695 3267 editionibus
724 3202 862 3268 fortasse
891 3202 1124 3290 posterioribus
1147 3213 1273 3269 mutan·

27 3331 29 3360 ¹
85 3311 143 3380 dae.
183 3315 271 3380 Num
292 3315 419 3380 etiamsi
441 3313 526 3380 forte
551 3313 667 3379 alieubi
691 3323 829 3380 erratum
843 3316 1109 3403 typographioum
1131 3315 1164 3380 in
1180 3313 1273 3381 tabu-

85 3424 286 3516 lamirrepsit,
305 3427 407 3520 multo
430 3426 559 3516 majoris
582 3427 740 3492 momenti
761 3426 909 3492 duximus
924 3429 1058 3494 formam
1074 3428 1271 3508 mutabilem,

86 3559 152 3623 quae
173 3543 214 3608 ad
239 3539 400 3606 desideria
422 3562 441 3605 e
464 3537 612 3624 longiore
634 3537 763 3603 tabulae
785 3561 846 3606 usu
867 3543 1016 3627 proiecta
1037 3541 1273 3608 accommodari

87 3653 182 3736 possit
230 3652 337 3718 Velim
358 3651 442 3716 hano
457 3650 587 3716 tabulae
603 3649 780 3717 editionem
797 3652 831 3717 iu
846 3654 1012 3740 praesenti
1027 3665 1179 3740 tanquam
1201 3653 1274 3716 iun·

88 3762 259 3834 boantum
288 3764 410 3830 habeas
439 3765 562 3830 formae
594 3785 636 3828 ex
665 3765 806 3830 omnium
834 3766 988 3854 opinione
1012 3765 1273 3852 probatissimae.

87 3871 247 3966 Postquam
275 3900 354 3944 vero
383 3877 466 3942 baeu
496 3876 638 3942 omnium
667 3897 830 3944 consensu
859 3880 982 3966 optima
1011 3879 1121 3953 forma,
1143 3876 1277 3943 inventa

88 3999 137 4067 etl,
157 4001 227 4058 tum
249 3991 283 4054 in
306 4000 456 4076 tempore
480 3989 542 4054 erit
564 4011 636 4054 eam
658 3992 855 4078 stereotypis
882 3991 1077 4076 imprimere.
1121 3991 1276 4056 Attamen

87 4104 158 4169 omri
179 4103 295 4170 virium
318 4101 531 4169 contentione
554 4100 622 4166 nixi
645 4123 769 4180 sumus,
798 4112 834 4168 ut
856 4102 965 4169 tabula
984 4103 1051 4189 jam
1073 4126 1159 4170 nuno
1182 4127 1277 4191 quam

88 4215 336 4282 emendatissima
356 4215 587 4302 promulgetur,
611 4214 818 4301 quamobrem
840 4215 988 4301 plegrdae
1012 4239 1126 4282 omnes
1149 4226 1279 4303 postre-

86 4345 157 4394 mum
176 4329 357 4416 impressae
380 4327 496 4394 iterum
519 4347 592 4393 oum
615 4327 781 4412 diligentia
802 4329 989 4414 recognitae
1014 4340 1106 4408 sunt,
1129 4337 1166 4394 ut
1186 4349 1278 4416 prae·

88 4441 183 4508 arom
204 4441 284 4508 vitia
306 4441 342 4508 in
363 4440 578 4528 imprimendo
600 4439 721 4525 irrepta
744 4453 992 4525 cognoscentur.
1037 4441 1082 4507 Et
1104 4441 1186 4506 haeo
1210 4439 1280 4528 qui-

88 4548 149 4620 dem
169 4553 250 4621 vitia
270 4553 454 4622 indicantur
475 4551 585 4620 indies
606 4552 641 4618 in
664 4551 792 4620 tabulae
815 4553 922 4623 boote
945 4555 1073 4642 posito,
1104 4575 1167 4640 quo
1197 4553 1280 4620 duee

1039 4659 1083 4718 2·
