3054 5048
233 207 271 268 aa
475 169 476 173 Ν
591 169 595 175 ’
710 203 960 260 mnenucno.
1045 207 1056 224 ·

235 370 366 436 habeat.
413 367 519 434 Quam
542 367 585 434 ob
610 390 738 435 causam
760 369 862 434 altera
884 375 1008 434 tantun
1032 365 1214 452 logaritbmi
1236 385 1327 452 pars,
1357 385 1455 451 quae

219 481 331 550 ‘notas
347 481 522 548 decimales
546 481 694 548 continet
716 491 752 547 et
773 503 868 568 quam
890 479 1131 546 mantissam
1153 501 1318 558 vocamus,
1340 478 1380 544 in
1398 487 1457 542 ta·

237 596 322 662 bulis
347 593 538 659 exhibeatur
560 615 699 659 necesse
723 602 784 659 cat.

329 709 444 772 Tabula
466 707 494 770 Ι.
524 706 673 772 continet
701 714 851 792 quattuor
881 687 1040 791 prioribus
1069 704 1196 791 paginis
1231 703 1456 790 legarithmos

238 841 444 886 numerorum
466 819 500 882 in
523 819 608 884 serie
631 817 765 882 naturali
780 817 1056 904 progredientium
1078 816 1118 882 ab
1138 817 1151 884 1
1171 839 1274 904 usque
1289 817 1331 880 ad
1346 815 1456 885 1000.

238 933 276 998 ln
299 933 457 1012 columna,
481 933 532 996 cui
554 932 597 996 N.
623 929 872 1016 suprascriptum
895 940 963 1009 est,
991 929 1090 1016 positi
1118 939 1193 995 sunt
1216 929 1355 1009 numeri,
1392 909 1459 997 co·
1516 959 1517 962 ¹

238 1047 347 1111 lumna
368 1067 448 1110 vero
471 1043 511 1108 ad
534 1044 681 1110 dextram
704 1042 744 1108 ab
767 1043 828 1107 hac
856 1042 978 1129 posita,
1009 1041 1060 1108 cui
1081 1041 1164 1128 Log.
1193 1043 1459 1130 suprascriptum

241 1166 304 1236 est,
328 1156 476 1222 continet
509 1178 620 1222 corum
647 1155 868 1240 logarithmos.
911 1154 951 1221 E.
975 1177 1005 1242 g.
1036 1155 1077 1218 ad
1099 1156 1246 1222 dextram
1269 1179 1288 1220 a
1309 1179 1457 1222 numero

232 1270 307 1338 γ574
329 1269 446 1353 legitur
467 1269 675 1353 logarithmus
700 1265 842 1345 758912,
869 1266 909 1332 ad
932 1290 1027 1352 quem
1043 1267 1334 1334 characteristicum
1350 1269 1372 1334 2
1391 1269 1475 1372 ud-⁸

241 1383 316 1460 das,
340 1403 437 1468 quum
466 1389 563 1447 notae
587 1381 712 1446 numeri
735 1379 800 1448 574
823 1378 889 1445 sint
910 1387 997 1459 tres,
1026 1381 1072 1446 ita
1098 1390 1135 1446 ut
1164 1379 1328 1462 2,758912
1356 1383 1459 1467 loga-

239 1495 391 1560 rithmum
413 1493 537 1560 numeri
561 1491 626 1558 574
654 1491 786 1558 habeas.
810 1527 854 1538 —
876 1491 969 1557 Hanc
998 1492 1140 1580 priorem
1169 1492 1298 1560 tabulae
1321 1493 1345 1561 1.
1375 1516 1460 1580 par-

241 1617 309 1674 tem
333 1606 455 1692 excipit
478 1607 594 1686 altera,
619 1617 707 1692 quae'
723 1626 875 1670 numeros
899 1605 1037 1692 quinque
1060 1615 1207 1672 notarum
1230 1607 1282 1673 vel
1305 1605 1338 1670 in
1362 1607 1458 1674 serie
1508 1679 1510 1684 ,

241 1719 377 1784 naturali
399 1718 484 1784 inter
509 1707 617 1786 10000
641 1727 676 1782 et
702 1715 832 1785 100000
851 1707 1002 1803 jacentes
1034 1717 1209 1805 eorumque
1237 1719 1458 1806 logarithmos

243 1831 487 1919 complectitur,
515 1831 605 1917 cujus
633 1839 743 1894 autem
766 1830 958 1897 oeconomia
988 1839 1040 1896 est
1063 1831 1134 1896 alia.
1179 1831 1257 1898 Non
1280 1825 1366 1897 enim
1392 1821 1460 1897 nu·

242 1967 350 2010 merus
372 1952 473 2022 totus,
497 1943 556 2009 red
580 1952 730 2030 quattuor
752 1945 877 2007 teritum
899 1942 1021 2028 p'riores
1037 1945 1107 2028 ejus
1130 1953 1228 2010 notae
1251 1945 1285 2010 in
1301 1945 1458 2010 columna

243 2057 346 2144 prima
368 2053 495 2141 positae
518 2063 604 2134 sunt,
629 2053 740 2141 quinta
754 2055 872 2140 legitur
893 2055 927 2120 in
942 2066 1120 2122 ceterarum
1136 2057 1353 2122 columnarum
1377 2055 1459 2122 ver'-

245 2171 311 2235 tice
342 2177 377 2234 et
407 2167 507 2236 calce.
559 2167 672 2253 Itaque
702 2166 729 2230 si
742 2203 744 2210 >
758 2167 983 2252 logarithmum
1014 2169 1138 2234 numeri
1167 2169 1201 2234 in
1230 2170 1291 2234 hac
1319 2169 1457 2235 tabulae

244 2291 337 2371 parte
361 2279 499 2368 quaeris,
522 2279 568 2345 ibi
591 2279 794 2366 quaerendus
810 2289 872 2359 est,
894 2279 952 2346 ubi
967 2279 1053 2348 linea
1073 2282 1280 2352 horinontalie
1302 2289 1458 2348 notamm

247 2405 397 2483 quattuor
419 2393 559 2480 priorum
583 2394 751 2459 columnae
775 2393 921 2460 verticuli
935 2403 1034 2460 notae
1050 2393 1180 2481 quintae
1196 2395 1347 2463 occurrit.
1384 2394 1458 2462 Sed

246 2516 397 2595 quattuor
419 2515 545 2572 tantum
566 2505 767 2592 posteriores
789 2513 884 2571 notas
906 2507 1079 2572 mantissae
1103 2506 1149 2596 ibi
1171 2506 1331 2587 invenies,
1354 2530 1458 2594 quum

184 2653 188 2661 ·
246 2620 374 2706 priores
399 2619 537 2682 ducein
562 2619 720 2696 columna,
745 2618 796 2682 cui
820 2618 1070 2704 suprascriptum
1094 2629 1146 2684 est
1168 2618 1201 2698 0,
1225 2617 1353 2706 positae
1377 2630 1460 2687 sunt

243 2733 335 2817 juxta
358 2753 417 2796 eos
441 2752 602 2809 numeros,
627 2751 761 2817 quorum
785 2739 1035 2796 extrema-nota
1064 2730 1160 2796 est‘ll
1184 2732 1239 2796 vel
1262 2719 1298 2811 5‘,
1331 2733 1458 2820 quippe

248 2866 331 2930 quae
354 2844 388 2908 in
411 2841 628 2929 compluribus
643 2841 906 2927 legarithmorum
920 2842 1016 2908 lineis
1032 2842 1168 2909 eaedem
1185 2843 1259 2909 sint.
1304 2845 1349 2910 Et
1369 2845 1458 2911 baec

249 2955 378 3042 quidem
401 2955 457 3019 lex
479 2955 513 3018 in
535 2955 586 3018 his
608 2949 696 3019 notis
718 2953 879 3040 prioribus
899 2955 1082 3040 logarithmi
1099 2966 1226 3023 serrata
1241 2965 1304 3037 est,
1327 2966 1363 3022 ut
1385 2980 1457 3024 non

249 3069 353 3134 solum
378 3067 418 3132 sd
440 3066 560 3131 lineam
581 3065 827 3146 horizontalem,
850 3066 885 3131 in
907 3089 970 3154 qua
992 3069 1120 3154 positae
1143 3077 1234 3148 sunt,
1266 3068 1326 3135 sed
1355 3069 1459 3134 etiam

249 3180 290 3244 ad
313 3189 490 3274 sequentes
514 3199 555 3244 co
577 3199 682 3265 usque
703 3178 901 3264 pertineant,
925 3179 980 3246 ubl
1002 3181 1082 3247 aliae
1104 3181 1185 3246 duae
1208 3191 1307 3248 notae
1323 3204 1379 3249 eas
1397 3205 1459 3249 ex-

231 3287 381 3378 cipiant.
425 3290 615 3357 Mutationis
638 3291 741 3358 factae
764 3291 864 3357 index
888 3303 940 3359 est
962 3294 1081 3361 lineola
1101 3293 1199 3379 priori
1222 3303 1373 3380 quattuor
1395 3317 1459 3361 no·

248 3413 353 3470 tarum
376 3403 609 3490 suprascripta,
638 3414 675 3469 ut
702 3425 807 3469 novae
831 3404 913 3471 duae
936 3415 1034 3473 notae
1057 3428 1123 3472 non
1148 3407 1250 3473 solum
1273 3405 1314 3471 ad
1336 3407 1459 3473 lineam

249 3516 494 3596 horizontalem,
518 3496 570 3582 cui
593 3516 797 3602 antepositae
821 3529 912 3598 sunt,
937 3519 1117 3587 sedetiam
1141 3518 1181 3584 ad
1203 3528 1298 3585 notas
1321 3528 1459 3587 antece·

249 3629 359 3696 dentis
381 3629 489 3695 lineae
512 3629 574 3694 hoc
599 3629 692 3714 signo
716 3628 857 3714 signatas
877 3633 1072 3718 pertineant

338 3741 453 3828 Expl.
492 3742 518 3806 l.
593 3741 774 3807 Quaeratur
817 3744 1026 3828 logarithmus
1064 3746 1188 3811 numeri
1230 3744 1297 3810 dati
1335 3743 1457 3814 11077.

249 3853 388 3920 Primum
418 3863 569 3940 quattuor
594 3852 720 3940 priores
749 3863 844 3920 notas
870 3856 955 3924 1167
985 3879 1119 3944 quaeras
1148 3859 1183 3922 in
1207 3859 1356 3924 columna
1378 3865 1459 3926 nom

250 3962 283 4030 N
306 3965 441 4051 signata,
465 3965 584 4032 deinde
606 3966 640 4031 in
663 3965 750 4031 lines
772 3967 963 4036 horizontali
987 3972 1027 4036 sd
1049 3971 1197 4036 dextram
1219 3993 1336 4058 pergas
1365 3980 1401 4038 et
1423 3973 1458 4037 in

252 4077 402 4143 columna
422 4078 569 4145 verticali
591 4087 670 4148 nota
694 4081 713 4145 7
738 4079 863 4166 signata
886 4091 1036 4169 quattuor
1056 4084 1257 4169 posteriores
1281 4071 1457 4150 mantissae

250 4197 346 4254 notas
368 4189 518 4256 invenies
542 4191 647 4270 7331,
672 4193 712 4258 ad
736 4215 814 4280 quas
843 4195 997 4281 adjungas
1020 4196 1145 4282 priores
1169 4195 1213 4264 06
1237 4205 1272 4262 et
1293 4197 1459 4263 cbar'scte·

237 4301 438 4368 risticam'd
492 4302 604 4391 ltaque
627 4305 837 4390 logarithmus
861 4308 1110 4394 quaesitus'erit
1133 4308 1309 4392 acutam.

272 4459 276 4466 -
340 4413 452 4502 Expl.
466 4417 525 4481 -2.·
555 4414 735 4484 asseratur
757 4419 964 4506 logarithmus
988 4423 1113 4488 numeri
1134 4423 1201 4487 dati
1225 4421 1345 4490 39813.

241 4571 250 4580 -
341 4527 480 4594 Primum
498 4531 708 4616 parimodo·
735 4541 843 4619 atque·
860 4535 896 4604 in
915 4536 1067 4622 exempl.
1095 4539 1109 4601 l
1136 4535 1285 4601 invenies
1309 4543 1458 4622 quattuor
